{"e":"depthUpdate","E":1717496544698,"s":"BTCUSDT","U":47614171080,"u":47614171161,"b":[["68845.95000000","3.25662000"],["68837.88000000","0.00000000"],["68832.71000000","0.00000000"],["68820.85000000","0.38525000"],["68817.59000000","0.00000000"],["68810.23000000","0.00171000"],["68807.26000000","0.00000000"],["68797.45000000","0.00362000"],["68795.48000000","0.00035000"],["68794.38000000","0.00000000"],["68780.37000000","0.00000000"],["68777.02000000","0.00067000"],["68770.83000000","0.00197000"],["68769.53000000","0.00258000"],["68767.00000000","0.00026000"],["68766.57000000","0.00000000"],["68764.60000000","0.00171000"],["68760.60000000","0.00000000"],["68745.95000000","0.01000000"],["68728.61000000","0.00145000"],["68724.26000000","0.00000000"],["68709.08000000","0.00164000"],["68705.31000000","0.00000000"],["68701.04000000","0.00103000"],["68697.59000000","0.00000000"],["68680.01000000","0.00207000"],["68676.84000000","0.00000000"],["68157.50000000","0.00000000"],["66000.00000000","154.38153000"],["63334.49000000","0.00000000"],["61961.00000000","0.00000000"],["55076.76000000","0.00024000"],["33000.00000000","10.75634000"]],"a":[["68845.96000000","5.34315000"],["68848.50000000","0.00000000"],["68852.49000000","0.27610000"],["68867.70000000","0.00000000"],["68882.80000000","0.00000000"],["68883.61000000","0.00000000"],["68884.19000000","0.00000000"],["68885.07000000","5.80221000"],["68885.53000000","0.00000000"],["68886.36000000","0.01069000"],["68889.29000000","0.00000000"],["68892.22000000","0.00363000"],["68915.80000000","0.00000000"],["68918.65000000","0.00363000"],["68919.08000000","0.00359000"],["68922.58000000","0.00000000"],["68945.96000000","0.01000000"],["68961.24000000","0.00200000"],["68965.45000000","0.00000000"],["68987.74000000","0.00145000"],["68991.69000000","0.00000000"]]}
{"e":"depthUpdate","E":1717496545698,"s":"BTCUSDT","U":47614171162,"u":47614171240,"b":[["68845.95000000","4.28446000"],["68844.72000000","0.00000000"],["68837.84000000","0.00000000"],["68834.34000000","0.32030000"],["68832.06000000","0.82077000"],["68829.26000000","0.00000000"],["68820.85000000","0.00000000"],["68795.80000000","0.00000000"],["68790.82000000","0.00063000"],["68790.81000000","0.00000000"],["68770.83000000","0.00197000"],["68709.08000000","0.00164000"],["68157.50000000","0.00000000"],["61961.00000000","0.00000000"],["55076.76000000","0.00024000"],["53886.00000000","0.00000000"],["33000.00000000","10.75634000"]],"a":[["68845.96000000","4.89603000"],["68847.32000000","0.00000000"],["68848.96000000","0.17439000"],["68850.77000000","0.00145000"],["68852.28000000","0.00145000"],["68852.49000000","0.00000000"],["68853.95000000","0.00039000"],["68854.02000000","0.00040000"],["68854.30000000","0.27610000"],["68854.31000000","0.00000000"],["68872.51000000","0.00000000"],["68884.40000000","0.00000000"],["68885.07000000","0.00000000"],["68885.52000000","3.49960000"],["68885.53000000","5.83260000"],["68887.31000000","0.00000000"],["68887.62000000","0.00012000"],["68930.98000000","0.00000000"],["68941.81000000","0.01191000"]]}
{"e":"depthUpdate","E":1717496546700,"s":"BTCUSDT","U":47614171241,"u":47614171563,"b":[["68845.95000000","8.15487000"],["68845.84000000","0.29059000"],["68845.42000000","0.04360000"],["68844.79000000","0.00000000"],["68844.72000000","0.00145000"],["68844.41000000","0.04360000"],["68843.37000000","0.17439000"],["68843.36000000","0.31756000"],["68843.29000000","0.04360000"],["68842.75000000","0.00000000"],["68842.60000000","0.00000000"],["68842.57000000","0.00000000"],["68842.51000000","0.00000000"],["68842.44000000","0.02472000"],["68842.43000000","0.00000000"],["68842.07000000","0.12002000"],["68841.83000000","0.52802000"],["68841.01000000","0.19327000"],["68841.00000000","0.04360000"],["68840.91000000","0.00143000"],["68840.88000000","0.00000000"],["68840.77000000","0.07582000"],["68840.57000000","0.00000000"],["68839.83000000","0.32198000"],["68839.66000000","0.00000000"],["68839.17000000","0.00000000"],["68839.16000000","0.07822000"],["68838.26000000","0.00000000"],["68837.55000000","0.07867000"],["68836.41000000","0.24845000"],["68836.21000000","0.15008000"],["68836.19000000","0.29048000"],["68835.47000000","0.00000000"],["68834.34000000","0.00000000"],["68832.26000000","0.01390000"],["68832.07000000","0.00000000"],["68832.06000000","0.50000000"],["68827.82000000","0.00000000"],["68826.33000000","0.29067000"],["68826.17000000","0.29050000"],["68824.81000000","0.28910000"],["68821.71000000","0.38660000"],["68820.44000000","0.00000000"],["68816.99000000","0.29071000"],["68816.81000000","0.00000000"],["68816.11000000","0.10321000"],["68815.51000000","0.21792000"],["68814.73000000","0.04853000"],["68807.20000000","3.46718000"],["68806.92000000","0.00000000"],["68806.55000000","0.00000000"],["68805.34000000","0.14525000"],["68803.58000000","0.00000000"],["68798.40000000","0.00000000"],["68798.39000000","0.00000000"],["68795.48000000","0.00000000"],["68792.08000000","0.00000000"],["68790.88000000","0.00058000"],["68788.26000000","0.03807000"],["68778.74000000","0.18079000"],["68778.32000000","0.30130000"],["68777.63000000","0.00000000"],["68777.32000000","0.00000000"],["68763.66000000","0.00000000"],["68745.95000000","0.02000000"],["68623.90000000","0.00000000"],["68157.50000000","0.00000000"],["55076.76000000","0.00024000"],["33000.00000000","10.75634000"]],"a":[["68845.96000000","1.92637000"],["68846.77000000","0.00000000"],["68846.78000000","0.00000000"],["68846.79000000","0.00000000"],["68846.80000000","0.05810000"],["68847.97000000","0.00000000"],["68847.98000000","0.34324000"],["68848.31000000","0.00000000"],["68848.40000000","0.05810000"],["68848.96000000","0.00000000"],["68849.00000000","0.00000000"],["68849.01000000","0.00000000"],["68849.02000000","0.00014000"],["68849.45000000","0.06602000"],["68849.46000000","0.10998000"],["68849.48000000","0.02473000"],["68849.49000000","0.00000000"],["68849.56000000","0.00000000"],["68849.62000000","0.00000000"],["68849.63000000","0.00000000"],["68849.65000000","0.00000000"],["68849.80000000","0.00000000"],["68849.92000000","0.04000000"],["68849.93000000","0.00000000"],["68850.00000000","0.05810000"],["68850.45000000","0.00000000"],["68850.64000000","0.00000000"],["68850.77000000","0.00000000"],["68851.47000000","0.00000000"],["68851.48000000","0.00000000"],["68851.65000000","0.00000000"],["68851.88000000","0.05084000"],["68852.28000000","0.00000000"],["68852.32000000","0.00000000"],["68852.50000000","0.00000000"],["68852.87000000","0.00000000"],["68853.72000000","0.12712000"],["68853.78000000","0.19692000"],["68853.79000000","0.00000000"],["68854.30000000","0.00000000"],["68854.32000000","0.00000000"],["68854.68000000","0.00000000"],["68854.80000000","0.19362000"],["68855.18000000","0.00040000"],["68855.28000000","0.07603000"],["68855.31000000","0.00000000"],["68855.58000000","0.00000000"],["68855.69000000","0.16125000"],["68855.72000000","0.00039000"],["68856.14000000","0.00000000"],["68856.20000000","0.17439000"],["68857.20000000","0.00000000"],["68857.77000000","0.19511000"],["68858.48000000","0.00000000"],["68858.80000000","0.00000000"],["68858.81000000","0.00000000"],["68858.82000000","0.00000000"],["68859.62000000","0.00000000"],["68859.63000000","0.00000000"],["68859.74000000","0.00000000"],["68859.80000000","0.20872000"],["68862.51000000","0.00000000"],["68863.20000000","0.00000000"],["68863.21000000","0.00000000"],["68863.22000000","0.00000000"],["68863.77000000","0.00000000"],["68864.10000000","0.23196000"],["68865.25000000","0.00000000"],["68865.88000000","0.00000000"],["68865.89000000","0.00000000"],["68866.22000000","0.36612000"],["68866.64000000","0.61005000"],["68867.24000000","0.00000000"],["68867.38000000","0.52290000"],["68867.71000000","0.00000000"],["68868.81000000","0.00000000"],["68869.07000000","0.00000000"],["68869.95000000","0.62773000"],["68871.16000000","0.38660000"],["68871.17000000","1.06406000"],["68872.47000000","0.75400000"],["68872.59000000","0.00000000"],["68873.67000000","0.00000000"],["68873.85000000","0.06586000"],["68875.13000000","0.52290000"],["68875.97000000","0.00000000"],["68876.91000000","0.00000000"],["68877.07000000","0.00000000"],["68881.46000000","0.00000000"],["68882.18000000","0.00000000"],["68882.87000000","0.52290000"],["68883.02000000","0.00000000"],["68885.18000000","0.05609000"],["68885.51000000","0.00000000"],["68885.52000000","0.00000000"],["68885.53000000","0.00000000"],["68887.69000000","0.00000000"],["68887.96000000","0.00000000"],["68889.13000000","0.00000000"],["68889.58000000","0.00036000"],["68889.98000000","0.00000000"],["68890.61000000","3.52462000"],["68890.62000000","0.52290000"],["68890.88000000","0.00000000"],["68891.31000000","0.00000000"],["68891.65000000","5.87436000"],["68893.32000000","0.03943000"],["68893.86000000","0.00000000"],["68896.65000000","0.01806000"],["68903.58000000","0.36312000"],["68906.26000000","0.36312000"],["68909.33000000","0.23764000"],["68910.08000000","0.00000000"],["68910.34000000","0.03005000"],["68916.96000000","0.00021000"],["68918.67000000","0.36312000"],["68931.07000000","0.36312000"],["68933.10000000","0.00000000"],["68936.90000000","0.00000000"],["68939.46000000","0.15590000"],["68943.48000000","0.09663000"],["68945.96000000","0.00000000"],["68952.75000000","0.00015000"],["69083.10000000","0.00000000"],["69086.90000000","0.00000000"]]}
{"e":"depthUpdate","E":1717496547698,"s":"BTCUSDT","U":47614171564,"u":47614171686,"b":[["68845.95000000","6.37501000"],["68845.42000000","0.00000000"],["68844.63000000","0.00000000"],["68843.37000000","0.00000000"],["68843.36000000","0.00000000"],["68840.57000000","0.17439000"],["68836.19000000","0.00000000"],["68831.43000000","0.87150000"],["68828.36000000","0.38177000"],["68824.81000000","0.00000000"],["68820.23000000","0.00000000"],["68807.45000000","0.00000000"],["68807.20000000","0.00000000"],["68806.80000000","0.87158000"],["68794.97000000","0.00000000"],["68794.46000000","0.01868000"],["68790.83000000","0.00063000"],["68790.82000000","0.00000000"],["68745.95000000","0.02000000"],["68665.00000000","0.25000000"],["68157.50000000","0.00000000"],["61961.00000000","0.00000000"],["55076.76000000","0.00024000"],["33000.00000000","10.75634000"]],"a":[["68845.96000000","2.42741000"],["68846.34000000","0.59383000"],["68846.80000000","0.05810000"],["68847.97000000","0.00000000"],["68847.98000000","0.31197000"],["68848.70000000","0.15582000"],["68849.33000000","0.17735000"],["68849.34000000","0.00000000"],["68849.45000000","0.00000000"],["68851.59000000","0.00000000"],["68852.98000000","0.00000000"],["68852.99000000","0.17439000"],["68855.31000000","0.00145000"],["68855.69000000","0.00000000"],["68856.20000000","0.00000000"],["68856.40000000","0.05810000"],["68861.06000000","0.00726000"],["68865.37000000","0.00000000"],["68867.38000000","0.62611000"],["68869.07000000","0.36312000"],["68871.39000000","0.23099000"],["68875.13000000","0.62611000"],["68875.50000000","0.15468000"],["68881.46000000","0.13258000"],["68883.93000000","0.00036000"],["68888.65000000","5.85910000"],["68889.29000000","0.00000000"],["68889.58000000","0.00000000"],["68890.61000000","0.00000000"],["68891.65000000","0.00000000"],["68895.47000000","0.46567000"],["68901.64000000","0.03714000"],["68909.33000000","0.00000000"],["68931.07000000","0.00000000"],["68938.80000000","0.01452000"],["68943.48000000","0.00000000"],["68955.89000000","0.00000000"],["69085.36000000","0.00018000"],["69088.80000000","0.04252000"],["69104.69000000","0.06459000"]]}
{"e":"depthUpdate","E":1717496548698,"s":"BTCUSDT","U":47614171687,"u":47614171782,"b":[["68845.95000000","6.33531000"],["68844.41000000","0.00000000"],["68843.29000000","0.00000000"],["68842.07000000","0.30188000"],["68841.01000000","0.00000000"],["68840.78000000","0.10467000"],["68839.83000000","0.00000000"],["68835.31000000","0.31901000"],["68834.40000000","0.00008000"],["68816.57000000","0.00000000"],["68800.63000000","0.00000000"],["68800.06000000","3.46718000"],["68797.14000000","0.00000000"],["68794.84000000","0.21813000"],["68790.90000000","0.00058000"],["68790.35000000","0.00100000"],["68786.70000000","0.00000000"],["68777.02000000","0.00067000"],["68745.95000000","0.01000000"],["68735.29000000","0.00209000"],["68584.09000000","0.00015000"],["68157.50000000","0.00000000"],["68000.00000000","69.93647000"],["65100.00000000","8.32724000"],["55076.76000000","0.00024000"],["33000.00000000","10.75634000"]],"a":[["68845.96000000","3.66360000"],["68846.76000000","0.12750000"],["68846.79000000","0.00000000"],["68847.98000000","0.04000000"],["68848.70000000","0.00000000"],["68849.33000000","0.00000000"],["68851.59000000","0.04549000"],["68853.72000000","0.00000000"],["68853.79000000","0.00145000"],["68855.10000000","0.00000000"],["68855.18000000","0.00000000"],["68855.72000000","0.00000000"],["68858.55000000","0.00008000"],["68859.79000000","0.27608000"],["68861.06000000","0.00000000"],["68865.97000000","0.64424000"],["68865.98000000","1.07368000"],["68866.22000000","0.00000000"],["68871.17000000","0.00000000"],["68872.90000000","0.01106000"],["68875.50000000","0.00000000"],["68875.68000000","0.00000000"],["68882.87000000","0.62611000"],["68887.42000000","1.25900000"],["68888.38000000","0.00000000"],["68888.65000000","5.74513000"],["68893.86000000","0.36312000"],["68898.06000000","0.00810000"],["68918.67000000","0.00000000"],["68920.61000000","0.00203000"],["68923.84000000","0.07258000"],["68925.12000000","0.00000000"],["68945.96000000","0.01000000"],["68980.24000000","0.00000000"],["69273.38000000","0.00014000"]]}
{"e":"depthUpdate","E":1717496549698,"s":"BTCUSDT","U":47614171783,"u":47614172640,"b":[["68845.95000000","6.81781000"],["68841.00000000","0.00000000"],["68828.55000000","0.00581000"],["68790.83000000","0.00063000"],["68775.62000000","0.00000000"],["68760.73000000","0.00000000"],["68745.95000000","0.01000000"],["68157.50000000","0.00000000"],["63845.95000000","0.00000000"],["63334.49000000","0.00016000"],["61961.00000000","0.00000000"],["55076.76000000","0.00024000"],["33000.00000000","10.75634000"],["30000.00000000","41.30719000"]],"a":[["68845.96000000","3.53052000"],["68846.76000000","0.00000000"],["68847.32000000","0.01004000"],["68849.45000000","0.09352000"],["68850.10000000","0.15573000"],["68851.59000000","0.00000000"],["68852.28000000","0.00145000"],["68855.10000000","0.00008000"],["68861.35000000","0.00726000"],["68867.38000000","0.52290000"],["68869.07000000","0.00000000"],["68873.44000000","0.15320000"],["68875.13000000","0.52290000"],["68881.46000000","0.00000000"],["68882.87000000","0.52290000"],["68887.31000000","0.00000000"],["68887.41000000","0.00000000"],["68887.42000000","1.25900000"],["68888.65000000","0.00000000"],["68896.29000000","0.01115000"],["68899.43000000","0.00000000"],["68918.67000000","0.36312000"],["68931.07000000","0.36312000"],["68934.58000000","0.01191000"],["68941.81000000","0.00000000"],["68943.48000000","0.09663000"],["68945.96000000","0.01000000"],["68975.73000000","0.00406000"]]}
{"e":"depthUpdate","E":1717496617306,"s":"BTCUSDT","U":47614188775,"u":47614188828,"b":[["68834.15000000","0.00944000"],["68833.69000000","0.00981000"],["68831.09000000","0.00145000"],["68826.53000000","0.00000000"],["68816.64000000","0.38676000"],["68815.13000000","0.00000000"],["68791.30000000","0.00000000"],["68790.67000000","0.00000000"],["68782.38000000","0.00000000"],["68779.64000000","0.00063000"],["68768.63000000","0.00000000"],["68765.82000000","0.01996000"],["68734.75000000","0.01000000"],["68497.90000000","0.00187000"],["68410.96000000","0.00000000"],["68146.41000000","0.00000000"],["61951.00000000","0.06263000"],["55067.80000000","0.00024000"],["33000.00000000","10.75634000"]],"a":[["68834.76000000","9.16231000"],["68839.88000000","0.00981000"],["68840.11000000","0.00944000"],["68840.19000000","0.08322000"],["68856.02000000","0.34747000"],["68856.45000000","0.00000000"],["68860.00000000","0.34813000"],["68865.18000000","0.15186000"],["68873.28000000","0.00000000"],["68873.49000000","0.00000000"],["68875.03000000","5.84767000"],["68877.85000000","0.36606000"],["68878.46000000","0.03258000"],["68934.75000000","0.01038000"],["72000.00000000","378.76955000"]]}
{"e":"depthUpdate","E":1717496618307,"s":"BTCUSDT","U":47614188829,"u":47614188876,"b":[["68834.75000000","3.05562000"],["68826.75000000","0.00000000"],["68826.10000000","0.17439000"],["68823.43000000","0.00000000"],["68816.64000000","0.00000000"],["68815.34000000","0.38545000"],["68815.13000000","0.00027000"],["68797.72000000","0.37676000"],["68790.67000000","0.00000000"],["68790.54000000","0.00000000"],["68782.44000000","0.00000000"],["68779.68000000","0.00059000"],["68734.75000000","0.01000000"],["68634.80000000","0.25000000"],["68146.41000000","0.00000000"],["63330.56000000","0.00000000"],["55067.80000000","0.00024000"],["33000.00000000","10.75634000"]],"a":[["68834.76000000","9.16204000"],["68837.86000000","0.00000000"],["68838.16000000","0.17439000"],["68841.69000000","0.04768000"],["68856.45000000","0.00030000"],["68872.27000000","1.22985000"],["68873.99000000","0.00000000"],["68874.17000000","5.96705000"],["68875.03000000","0.00000000"],["68878.35000000","0.00179000"]]}
{"e":"depthUpdate","E":1717496619307,"s":"BTCUSDT","U":47614188877,"u":47614189686,"b":[["68834.75000000","9.64650000"],["68834.69000000","0.00000000"],["68834.54000000","0.29064000"],["68834.12000000","0.00145000"],["68833.76000000","0.04360000"],["68833.44000000","0.11564000"],["68833.34000000","0.00000000"],["68833.13000000","0.17439000"],["68832.60000000","0.00145000"],["68832.09000000","0.04800000"],["68831.88000000","0.00000000"],["68831.45000000","0.04360000"],["68831.25000000","0.15251000"],["68831.14000000","0.07596000"],["68830.39000000","0.12000000"],["68830.14000000","0.00000000"],["68829.81000000","0.32175000"],["68829.73000000","0.04360000"],["68829.64000000","0.14526000"],["68829.34000000","0.00000000"],["68828.79000000","0.00015000"],["68828.27000000","0.07263000"],["68827.89000000","0.00000000"],["68827.84000000","0.07858000"],["68827.50000000","0.00008000"],["68826.20000000","0.07637000"],["68826.10000000","0.00000000"],["68825.42000000","0.00000000"],["68824.71000000","0.14526000"],["68824.56000000","0.07695000"],["68824.19000000","0.29054000"],["68823.30000000","0.00000000"],["68822.49000000","0.29048000"],["68821.03000000","0.00000000"],["68820.12000000","0.00014000"],["68819.72000000","0.00000000"],["68819.43000000","0.01370000"],["68819.14000000","0.04000000"],["68818.61000000","0.63012000"],["68818.34000000","0.29054000"],["68818.11000000","1.05007000"],["68815.75000000","0.29072000"],["68815.45000000","0.00000000"],["68815.34000000","0.00000000"],["68814.53000000","0.29054000"],["68814.47000000","0.00000000"],["68813.41000000","0.04471000"],["68813.19000000","0.00000000"],["68812.91000000","0.00000000"],["68812.63000000","0.00000000"],["68812.44000000","0.38660000"],["68812.01000000","0.00000000"],["68811.78000000","0.34873000"],["68810.96000000","0.28910000"],["68810.80000000","0.00039000"],["68810.45000000","0.10052000"],["68810.04000000","0.00036000"],["68809.54000000","0.01452000"],["68807.35000000","0.07263000"],["68806.30000000","0.05814000"],["68805.98000000","0.62780000"],["68805.69000000","0.04878000"],["68805.68000000","0.00000000"],["68804.40000000","0.58110000"],["68802.49000000","0.00000000"],["68802.04000000","0.00000000"],["68800.72000000","0.00359000"],["68800.51000000","0.00000000"],["68800.40000000","0.00357000"],["68799.65000000","0.00363000"],["68799.57000000","0.00361000"],["68798.19000000","0.00000000"],["68796.88000000","0.00000000"],["68795.03000000","0.00000000"],["68794.48000000","0.00000000"],["68793.58000000","0.14527000"],["68792.52000000","0.07019000"],["68792.12000000","0.00000000"],["68791.04000000","0.00000000"],["68790.66000000","0.00000000"],["68790.19000000","0.00000000"],["68789.55000000","0.00008000"],["68789.04000000","2.08067000"],["68789.03000000","3.46774000"],["68787.36000000","0.07044000"],["68786.21000000","0.00253000"],["68784.04000000","0.00000000"],["68782.33000000","0.00000000"],["68781.07000000","0.00000000"],["68780.44000000","0.03401000"],["68779.59000000","0.00063000"],["68774.41000000","0.15590000"],["68767.55000000","0.01451000"],["68763.66000000","0.00000000"],["68751.19000000","0.00000000"],["68734.75000000","0.01000000"],["68725.49000000","0.00000000"],["68146.41000000","0.00000000"],["63834.75000000","0.00300000"],["61951.28000000","0.00032000"],["61951.00000000","0.06263000"],["55067.80000000","0.00024000"],["33000.00000000","10.75634000"]],"a":[["68834.76000000","1.52538000"],["68835.00000000","0.05810000"],["68835.60000000","0.05810000"],["68835.62000000","0.00000000"],["68836.28000000","0.00000000"],["68836.29000000","0.00000000"],["68836.41000000","0.00000000"],["68836.59000000","0.00000000"],["68836.60000000","0.05810000"],["68836.79000000","0.00000000"],["68837.07000000","0.25351000"],["68837.13000000","0.00000000"],["68837.19000000","0.00000000"],["68837.43000000","0.27491000"],["68837.56000000","0.29938000"],["68837.66000000","0.00000000"],["68838.16000000","0.00000000"],["68838.27000000","0.00000000"],["68838.58000000","0.00000000"],["68838.59000000","0.00000000"],["68838.65000000","0.00000000"],["68839.12000000","0.00000000"],["68839.30000000","0.03648000"],["68839.86000000","0.00000000"],["68840.09000000","0.00000000"],["68840.16000000","0.00000000"],["68840.19000000","0.00000000"],["68840.48000000","0.00000000"],["68840.53000000","0.00000000"],["68840.58000000","0.00000000"],["68841.19000000","0.00000000"],["68841.30000000","0.00000000"],["68841.38000000","0.00000000"],["68841.39000000","0.13787000"],["68841.56000000","0.00000000"],["68841.57000000","0.00000000"],["68841.58000000","0.00000000"],["68841.77000000","0.22967000"],["68841.79000000","0.00000000"],["68842.11000000","0.11549000"],["68842.23000000","0.00000000"],["68842.34000000","0.00000000"],["68842.48000000","0.00000000"],["68842.51000000","0.06353000"],["68842.95000000","0.00040000"],["68842.98000000","0.00000000"],["68843.12000000","0.00040000"],["68843.15000000","0.00000000"],["68843.20000000","0.00000000"],["68843.31000000","0.00000000"],["68843.39000000","0.05085000"],["68843.41000000","0.16237000"],["68843.43000000","0.00000000"],["68843.45000000","0.00040000"],["68844.04000000","0.17439000"],["68844.12000000","0.00000000"],["68844.14000000","0.00000000"],["68844.61000000","0.07596000"],["68844.68000000","0.00000000"],["68845.35000000","0.19576000"],["68845.58000000","0.00014000"],["68845.74000000","0.00000000"],["68845.76000000","0.00000000"],["68846.29000000","0.00040000"],["68846.60000000","0.19592000"],["68846.63000000","0.00000000"],["68846.66000000","0.00000000"],["68846.76000000","0.00000000"],["68846.78000000","0.00000000"],["68847.00000000","0.00000000"],["68847.08000000","0.12000000"],["68847.49000000","0.04000000"],["68848.85000000","0.00000000"],["68849.11000000","0.00000000"],["68849.89000000","0.17442000"],["68850.39000000","0.00000000"],["68851.27000000","0.00021000"],["68851.55000000","0.00014000"],["68851.87000000","0.27613000"],["68852.81000000","0.00000000"],["68853.98000000","0.00000000"],["68856.02000000","0.23412000"],["68856.05000000","0.00000000"],["68857.08000000","0.00000000"],["68857.09000000","0.36896000"],["68858.66000000","0.00000000"],["68858.79000000","0.37672000"],["68859.56000000","0.38660000"],["68859.68000000","0.00000000"],["68859.82000000","0.00000000"],["68861.49000000","0.00000000"],["68861.64000000","0.62782000"],["68862.31000000","0.45317000"],["68862.63000000","0.00000000"],["68864.80000000","0.60279000"],["68866.10000000","0.00000000"],["68866.77000000","0.00000000"],["68866.80000000","0.00000000"],["68866.89000000","0.00010000"],["68866.93000000","0.00000000"],["68867.24000000","0.63886000"],["68868.58000000","1.06469000"],["68869.76000000","0.06586000"],["68873.45000000","0.29047000"],["68873.78000000","0.00036000"],["68873.87000000","0.00000000"],["68874.17000000","0.00000000"],["68874.45000000","0.00000000"],["68875.30000000","0.06980000"],["68875.33000000","0.05584000"],["68876.29000000","0.00000000"],["68876.61000000","0.00000000"],["68876.89000000","0.00000000"],["68877.32000000","0.00000000"],["68878.35000000","0.00000000"],["68878.46000000","0.00000000"],["68880.48000000","5.96705000"],["68880.88000000","0.00000000"],["68884.19000000","0.07265000"],["68886.30000000","0.03899000"],["68887.44000000","0.60279000"],["68892.34000000","0.00145000"],["68894.96000000","0.23693000"],["68903.20000000","0.00000000"],["68910.08000000","0.07259000"],["68921.10000000","0.00000000"],["68928.20000000","0.00000000"],["68930.60000000","0.01452000"],["68934.75000000","0.01038000"],["68942.42000000","0.00015000"],["68978.88000000","0.00009000"],["69009.84000000","0.11615000"],["69071.10000000","0.00000000"],["69078.20000000","0.00000000"],["69080.60000000","0.01452000"],["69550.80000000","0.00000000"],["69552.70000000","0.00400000"]]}
{"e":"depthUpdate","E":1717496620307,"s":"BTCUSDT","U":47614189687,"u":47614190219,"b":[["68834.75000000","9.26840000"],["68834.30000000","0.04360000"],["68834.12000000","0.00000000"],["68833.13000000","0.00000000"],["68832.79000000","0.07641000"],["68832.53000000","0.31798000"],["68831.80000000","0.05810000"],["68831.45000000","0.05790000"],["68831.24000000","0.00000000"],["68831.14000000","0.15173000"],["68831.09000000","0.02617000"],["68831.01000000","0.00000000"],["68830.82000000","0.00000000"],["68830.79000000","0.00000000"],["68829.90000000","0.17439000"],["68829.71000000","0.00071000"],["68829.49000000","0.07605000"],["68828.83000000","0.14785000"],["68827.86000000","0.60279000"],["68827.01000000","0.14890000"],["68825.36000000","0.00000000"],["68825.19000000","0.14831000"],["68823.55000000","0.50000000"],["68806.09000000","0.00000000"],["68793.08000000","0.36176000"],["68734.75000000","0.00000000"],["68634.80000000","0.00000000"],["68584.09000000","0.00015000"],["68146.41000000","0.00000000"],["63834.75000000","0.00000000"],["61951.28000000","0.00000000"],["55067.80000000","0.00024000"],["33000.00000000","10.75694000"]],"a":[["68834.76000000","0.36608000"],["68835.00000000","0.00000000"],["68835.60000000","0.00000000"],["68836.60000000","0.30324000"],["68837.07000000","0.00000000"],["68837.20000000","0.00000000"],["68837.43000000","0.00000000"],["68837.44000000","0.10000000"],["68837.93000000","0.00000000"],["68838.20000000","0.05810000"],["68838.72000000","0.00000000"],["68838.74000000","0.00000000"],["68838.80000000","0.05810000"],["68838.93000000","0.00000000"],["68839.01000000","0.02473000"],["68839.16000000","0.00000000"],["68839.30000000","0.00000000"],["68839.95000000","0.26961000"],["68840.16000000","0.00145000"],["68840.41000000","0.00000000"],["68841.39000000","0.00000000"],["68841.68000000","0.15752000"],["68841.91000000","0.00000000"],["68842.44000000","0.00040000"],["68843.12000000","0.00000000"],["68843.40000000","0.00000000"],["68844.03000000","0.04000000"],["68844.04000000","0.00000000"],["68845.22000000","0.00000000"],["68845.29000000","0.00726000"],["68847.04000000","0.00000000"],["68847.40000000","0.00000000"],["68847.49000000","0.00000000"],["68849.04000000","0.00000000"],["68850.15000000","0.00000000"],["68850.68000000","0.14552000"],["68855.02000000","0.84250000"],["68855.64000000","0.23703000"],["68856.03000000","0.00000000"],["68858.51000000","0.63754000"],["68858.52000000","0.00000000"],["68858.79000000","0.00000000"],["68862.31000000","0.00000000"],["68865.18000000","0.00000000"],["68866.04000000","0.82608000"],["68867.24000000","0.00000000"],["68868.58000000","0.00000000"],["68879.15000000","0.00000000"],["68879.87000000","0.00000000"],["68880.48000000","0.00000000"],["68894.96000000","0.00000000"],["68904.24000000","0.00000000"],["68934.75000000","0.02038000"],["68934.89000000","0.01191000"],["69273.38000000","0.00014000"],["69552.70000000","0.00400000"]]}
{"e":"depthUpdate","E":1717496621307,"s":"BTCUSDT","U":47614190220,"u":47614190348,"b":[["68834.75000000","9.22669000"],["68834.34000000","0.06129000"],["68834.30000000","0.00000000"],["68833.76000000","0.00000000"],["68833.44000000","0.17640000"],["68832.60000000","0.00000000"],["68831.14000000","0.15173000"],["68831.09000000","0.00145000"],["68830.98000000","0.02472000"],["68830.95000000","0.00008000"],["68830.90000000","0.00000000"],["68829.21000000","0.36175000"],["68796.07000000","0.00188000"],["68795.60000000","3.46774000"],["68795.04000000","0.00000000"],["68795.01000000","0.00000000"],["68794.09000000","0.00000000"],["68789.04000000","0.00000000"],["68789.03000000","0.00000000"],["68783.38000000","0.00000000"],["68779.99000000","0.10384000"],["68779.64000000","0.00000000"],["68734.75000000","0.01000000"],["68146.41000000","0.00000000"],["67896.36000000","0.00000000"],["61951.00000000","0.06263000"],["55067.80000000","0.00024000"],["33000.00000000","10.75634000"]],"a":[["68834.76000000","0.46393000"],["68836.60000000","0.30324000"],["68837.20000000","0.00000000"],["68837.43000000","0.17386000"],["68837.56000000","0.21460000"],["68838.20000000","0.05810000"],["68838.65000000","0.00145000"],["68838.79000000","0.03494000"],["68838.90000000","0.02473000"],["68839.01000000","0.00000000"],["68839.06000000","0.00000000"],["68839.13000000","0.28970000"],["68839.78000000","0.00000000"],["68839.79000000","0.00000000"],["68839.95000000","0.00000000"],["68841.67000000","0.00000000"],["68842.10000000","0.09744000"],["68842.48000000","0.12832000"],["68844.61000000","0.00000000"],["68844.68000000","0.17439000"],["68845.45000000","0.00000000"],["68846.10000000","0.07596000"],["68847.25000000","0.00000000"],["68847.67000000","0.00000000"],["68848.85000000","0.08806000"],["68849.89000000","0.00000000"],["68851.88000000","0.00000000"],["68854.48000000","0.45832000"],["68855.51000000","0.36312000"],["68857.09000000","0.36896000"],["68858.51000000","0.00000000"],["68858.81000000","0.61889000"],["68859.42000000","0.00399000"],["68859.63000000","0.62611000"],["68859.71000000","1.03149000"],["68863.77000000","0.36312000"],["68867.38000000","0.38937000"],["68869.07000000","0.36312000"],["68875.13000000","0.52290000"],["68879.15000000","3.51524000"],["68879.87000000","0.00000000"],["68881.45000000","0.00000000"],["68881.46000000","0.36312000"],["68882.87000000","0.00000000"],["68888.35000000","0.00180000"],["68934.75000000","0.01038000"],["70100.00000000","26.53019000"]]}
{"e":"depthUpdate","E":1717496622307,"s":"BTCUSDT","U":47614190349,"u":47614191511,"b":[["68840.10000000","14.05177000"],["68839.87000000","0.00000000"],["68839.81000000","0.00000000"],["68839.80000000","0.05810000"],["68839.79000000","0.00000000"],["68839.66000000","0.12000000"],["68839.65000000","0.00000000"],["68839.57000000","0.04360000"],["68839.55000000","0.07596000"],["68839.41000000","0.29061000"],["68839.39000000","0.00000000"],["68839.12000000","0.00015000"],["68838.84000000","0.00000000"],["68838.81000000","0.00000000"],["68838.80000000","0.05810000"],["68838.72000000","0.65632000"],["68838.71000000","0.11119000"],["68838.69000000","0.00000000"],["68838.68000000","0.00000000"],["68838.67000000","0.04800000"],["68838.66000000","0.00145000"],["68838.65000000","0.00000000"],["68838.61000000","0.00000000"],["68838.52000000","0.00000000"],["68838.43000000","0.00000000"],["68838.21000000","0.00000000"],["68838.20000000","0.05810000"],["68838.19000000","0.00000000"],["68838.17000000","0.00000000"],["68838.03000000","0.29061000"],["68837.93000000","0.00000000"],["68837.85000000","0.01727000"],["68837.80000000","0.00000000"],["68837.74000000","0.00000000"],["68837.71000000","0.00000000"],["68837.70000000","0.00000000"],["68837.68000000","0.00000000"],["68837.65000000","0.00000000"],["68837.64000000","0.11107000"],["68837.56000000","0.00000000"],["68837.55000000","0.00000000"],["68837.43000000","0.00000000"],["68837.42000000","0.00000000"],["68837.20000000","0.05810000"],["68837.19000000","0.00000000"],["68837.13000000","0.00000000"],["68837.12000000","0.00000000"],["68837.08000000","0.02472000"],["68837.06000000","0.00000000"],["68837.00000000","0.00000000"],["68836.99000000","0.00000000"],["68836.87000000","0.00000000"],["68836.86000000","0.00000000"],["68836.79000000","0.00000000"],["68836.78000000","0.00000000"],["68836.76000000","0.00000000"],["68836.73000000","0.00000000"],["68836.72000000","0.00000000"],["68836.69000000","0.00000000"],["68836.67000000","0.04360000"],["68836.65000000","0.00000000"],["68836.60000000","0.05810000"],["68836.59000000","0.00000000"],["68836.58000000","0.00000000"],["68836.55000000","0.00000000"],["68836.52000000","0.00000000"],["68836.46000000","0.00000000"],["68836.45000000","0.31841000"],["68836.40000000","0.00000000"],["68836.28000000","0.00000000"],["68836.27000000","0.00000000"],["68836.26000000","0.00000000"],["68836.20000000","0.00000000"],["68835.89000000","0.00000000"],["68835.60000000","0.05810000"],["68835.59000000","0.00000000"],["68835.11000000","0.00000000"],["68835.09000000","0.02903000"],["68835.05000000","0.00000000"],["68835.02000000","0.00000000"],["68835.00000000","0.05810000"],["68834.99000000","0.00000000"],["68834.96000000","0.26599000"],["68834.95000000","0.20000000"],["68834.94000000","0.00000000"],["68834.87000000","0.10000000"],["68834.85000000","0.00000000"],["68834.84000000","0.23306000"],["68834.76000000","0.05593000"],["68834.75000000","0.68936000"],["68834.62000000","0.00071000"],["68834.54000000","0.00000000"],["68833.50000000","0.00726000"],["68833.49000000","0.00726000"],["68833.44000000","0.00000000"],["68833.28000000","0.00726000"],["68833.04000000","0.00319000"],["68832.99000000","0.00000000"],["68832.60000000","0.00145000"],["68832.53000000","0.00000000"],["68832.50000000","0.00000000"],["68832.48000000","0.09160000"],["68832.47000000","0.18636000"],["68832.09000000","0.00000000"],["68831.82000000","0.00014000"],["68831.79000000","0.00031000"],["68831.45000000","0.00000000"],["68831.31000000","0.00011000"],["68831.26000000","0.00000000"],["68831.16000000","0.00000000"],["68831.14000000","0.07577000"],["68830.98000000","0.00000000"],["68830.89000000","0.00000000"],["68830.82000000","0.00000000"],["68830.79000000","0.00000000"],["68830.74000000","0.36312000"],["68830.65000000","0.16286000"],["68830.62000000","0.00014000"],["68830.39000000","0.00000000"],["68829.90000000","0.00000000"],["68829.89000000","0.29048000"],["68829.71000000","0.00000000"],["68829.44000000","0.00000000"],["68828.66000000","0.52290000"],["68828.22000000","0.00014000"],["68828.07000000","0.61005000"],["68827.85000000","0.00000000"],["68827.00000000","0.00000000"],["68826.39000000","0.07028000"],["68826.00000000","0.00000000"],["68825.40000000","0.00000000"],["68824.91000000","0.00034000"],["68823.82000000","0.00000000"],["68823.44000000","0.60279000"],["68823.29000000","1.03716000"],["68822.84000000","0.04000000"],["68822.79000000","0.60279000"],["68822.47000000","0.05800000"],["68822.45000000","0.00037000"],["68821.20000000","0.29069000"],["68821.09000000","0.00000000"],["68821.02000000","0.00000000"],["68820.12000000","0.00000000"],["68820.00000000","0.22070000"],["68819.69000000","0.00000000"],["68819.49000000","0.00000000"],["68819.43000000","0.40030000"],["68819.42000000","0.00029000"],["68819.31000000","0.00000000"],["68819.14000000","0.00000000"],["68818.74000000","0.00000000"],["68818.61000000","0.36173000"],["68818.11000000","0.00000000"],["68817.90000000","0.00036000"],["68817.00000000","0.00000000"],["68816.80000000","0.00018000"],["68816.58000000","0.00000000"],["68815.13000000","0.00000000"],["68815.01000000","0.09256000"],["68814.91000000","0.00000000"],["68814.43000000","0.00632000"],["68812.79000000","0.00000000"],["68812.44000000","0.00000000"],["68810.95000000","0.15199000"],["68810.45000000","0.00000000"],["68810.04000000","0.00000000"],["68805.69000000","0.00000000"],["68803.75000000","0.00022000"],["68803.28000000","0.00000000"],["68802.22000000","0.00000000"],["68801.41000000","0.00171000"],["68801.18000000","0.00000000"],["68801.14000000","0.00106000"],["68800.31000000","0.00168000"],["68800.05000000","1.02287000"],["68799.69000000","0.00054000"],["68799.67000000","0.00000000"],["68799.02000000","0.07019000"],["68798.81000000","0.00000000"],["68798.18000000","0.00000000"],["68796.02000000","0.01980000"],["68795.98000000","0.00528000"],["68795.60000000","0.00000000"],["68795.44000000","0.03402000"],["68795.14000000","0.00126000"],["68795.01000000","1.22983000"],["68794.07000000","0.00000000"],["68793.67000000","0.00000000"],["68792.52000000","0.00000000"],["68791.25000000","0.03807000"],["68790.34000000","0.00000000"],["68789.96000000","0.00000000"],["68788.62000000","0.00000000"],["68788.26000000","0.00617000"],["68788.08000000","0.00000000"],["68786.90000000","0.00000000"],["68786.54000000","0.00435000"],["68785.44000000","0.00000000"],["68784.00000000","0.00643000"],["68783.46000000","0.00000000"],["68781.74000000","0.00000000"],["68780.82000000","0.15694000"],["68780.29000000","0.00000000"],["68777.59000000","0.00160000"],["68775.55000000","0.05673000"],["68774.86000000","0.00000000"],["68773.14000000","0.00000000"],["68772.95000000","0.00000000"],["68770.59000000","0.00000000"],["68762.42000000","0.00000000"],["68758.53000000","0.00000000"],["68755.92000000","0.00000000"],["68754.93000000","0.00000000"],["68752.60000000","0.07896000"],["68741.73000000","0.00207000"],["68740.10000000","0.01000000"],["68739.68000000","0.00000000"],["68735.82000000","0.00000000"],["68735.58000000","0.00000000"],["68734.75000000","0.01000000"],["68676.84000000","0.00000000"],["68670.13000000","0.00298000"],["68659.77000000","0.00000000"],["68500.00000000","26.15655000"],["68151.70000000","0.00028000"],["68146.41000000","0.00000000"],["68115.05000000","0.00035000"],["61951.28000000","0.00032000"],["55072.08000000","0.00012000"],["55067.80000000","0.00012000"],["34419.83000000","0.00032000"],["34320.00000000","0.02330000"],["33000.00000000","10.75634000"]],"a":[["68834.76000000","0.00000000"],["68835.00000000","0.00000000"],["68835.60000000","0.00000000"],["68836.60000000","0.00000000"],["68837.20000000","0.00000000"],["68837.43000000","0.00000000"],["68837.44000000","0.00000000"],["68837.56000000","0.00000000"],["68837.81000000","0.00000000"],["68838.20000000","0.00000000"],["68838.65000000","0.00000000"],["68838.66000000","0.00000000"],["68838.69000000","0.00000000"],["68838.72000000","0.00000000"],["68838.74000000","0.00000000"],["68838.79000000","0.00000000"],["68838.80000000","0.00000000"],["68838.90000000","0.00000000"],["68839.13000000","0.00000000"],["68839.67000000","0.00000000"],["68839.80000000","0.00000000"],["68839.88000000","0.00000000"],["68840.05000000","0.00000000"],["68840.11000000","0.02556000"],["68840.16000000","0.00000000"],["68840.40000000","0.00000000"],["68840.42000000","0.00000000"],["68841.38000000","0.00000000"],["68841.40000000","0.00000000"],["68841.64000000","0.00000000"],["68841.68000000","0.15607000"],["68841.69000000","0.00000000"],["68841.77000000","0.00000000"],["68842.00000000","0.00000000"],["68842.10000000","0.00000000"],["68842.11000000","0.00000000"],["68842.22000000","0.04728000"],["68842.44000000","0.00000000"],["68842.48000000","0.00000000"],["68842.51000000","0.00000000"],["68842.54000000","0.29060000"],["68842.62000000","0.00000000"],["68842.95000000","0.00000000"],["68843.00000000","0.05810000"],["68843.01000000","0.00000000"],["68843.03000000","0.00000000"],["68843.19000000","0.00000000"],["68843.39000000","0.00000000"],["68843.41000000","0.00000000"],["68843.45000000","0.00000000"],["68843.57000000","0.13169000"],["68843.58000000","0.00000000"],["68843.59000000","0.00000000"],["68843.60000000","0.05810000"],["68843.81000000","0.00000000"],["68844.03000000","0.00000000"],["68844.19000000","0.00000000"],["68844.37000000","0.00000000"],["68844.57000000","0.00000000"],["68844.60000000","0.05810000"],["68844.68000000","0.00000000"],["68844.71000000","0.00000000"],["68844.75000000","0.00000000"],["68844.78000000","0.00000000"],["68844.79000000","0.00000000"],["68845.00000000","0.02473000"],["68845.20000000","0.00000000"],["68845.21000000","0.18199000"],["68845.22000000","0.30324000"],["68845.29000000","0.00000000"],["68845.35000000","0.00000000"],["68845.58000000","0.00048000"],["68845.63000000","0.00000000"],["68845.67000000","0.25356000"],["68845.72000000","0.00000000"],["68846.10000000","0.00000000"],["68846.19000000","0.00000000"],["68846.20000000","0.00000000"],["68846.22000000","0.00000000"],["68846.29000000","0.00000000"],["68846.60000000","0.00000000"],["68846.79000000","0.00000000"],["68846.80000000","0.05810000"],["68847.08000000","0.00000000"],["68847.09000000","0.00000000"],["68847.47000000","0.00000000"],["68847.54000000","0.00319000"],["68847.74000000","0.00000000"],["68847.80000000","0.05810000"],["68847.98000000","0.00000000"],["68847.99000000","0.04000000"],["68848.11000000","0.00000000"],["68848.20000000","0.00000000"],["68848.53000000","0.00000000"],["68848.85000000","0.00000000"],["68848.93000000","0.00000000"],["68849.25000000","0.00000000"],["68849.45000000","0.00000000"],["68849.89000000","0.08739000"],["68849.90000000","0.00000000"],["68850.22000000","0.00000000"],["68850.63000000","0.00000000"],["68850.77000000","0.00000000"],["68851.53000000","0.00040000"],["68851.55000000","0.00000000"],["68851.59000000","0.00040000"],["68851.80000000","0.00000000"],["68851.87000000","0.00000000"],["68852.62000000","0.17439000"],["68852.63000000","0.00000000"],["68852.76000000","0.19895000"],["68853.71000000","0.00000000"],["68853.99000000","0.00000000"],["68854.11000000","0.00000000"],["68854.48000000","0.00000000"],["68854.66000000","0.23409000"],["68854.94000000","0.11285000"],["68855.02000000","0.00000000"],["68855.51000000","0.00000000"],["68855.57000000","0.36604000"],["68855.58000000","0.24568000"],["68855.64000000","0.00000000"],["68855.80000000","0.00000000"],["68855.81000000","0.61005000"],["68856.02000000","0.00000000"],["68856.07000000","0.04000000"],["68856.44000000","0.19550000"],["68856.45000000","0.00000000"],["68856.74000000","0.00040000"],["68856.78000000","0.00040000"],["68857.09000000","0.00000000"],["68857.57000000","0.09106000"],["68857.89000000","0.00000000"],["68858.80000000","0.00000000"],["68858.81000000","0.00000000"],["68859.53000000","0.31375000"],["68859.54000000","0.43546000"],["68859.55000000","0.29048000"],["68859.56000000","0.00000000"],["68859.63000000","0.52290000"],["68859.71000000","0.00000000"],["68859.77000000","0.00000000"],["68859.78000000","0.00015000"],["68860.43000000","0.00000000"],["68860.80000000","0.00726000"],["68860.82000000","0.00726000"],["68861.03000000","0.00028000"],["68861.09000000","0.00726000"],["68861.47000000","0.07161000"],["68861.50000000","0.00000000"],["68861.63000000","0.27620000"],["68861.64000000","0.00000000"],["68861.65000000","0.00010000"],["68862.46000000","0.00014000"],["68862.54000000","0.00000000"],["68862.82000000","0.41946000"],["68862.85000000","0.00000000"],["68862.93000000","0.00000000"],["68863.50000000","0.00000000"],["68863.92000000","0.75400000"],["68864.39000000","0.00000000"],["68865.05000000","0.00000000"],["68865.29000000","0.00000000"],["68866.03000000","0.49572000"],["68866.34000000","0.00000000"],["68866.66000000","0.00642000"],["68866.89000000","0.00000000"],["68867.02000000","0.00584000"],["68867.37000000","0.00359000"],["68867.81000000","0.00000000"],["68867.85000000","0.04357000"],["68868.35000000","0.00018000"],["68868.51000000","0.62784000"],["68868.72000000","0.00100000"],["68868.85000000","0.38660000"],["68868.99000000","0.63823000"],["68869.28000000","0.00000000"],["68869.76000000","0.00000000"],["68869.82000000","0.00000000"],["68870.89000000","0.50000000"],["68871.18000000","0.00000000"],["68872.26000000","0.02903000"],["68872.28000000","0.00000000"],["68873.68000000","0.00000000"],["68873.78000000","0.00000000"],["68873.79000000","0.00030000"],["68875.13000000","0.62611000"],["68875.30000000","0.00000000"],["68875.33000000","0.00000000"],["68876.31000000","0.06586000"],["68877.09000000","0.00000000"],["68877.93000000","0.00000000"],["68878.19000000","1.06824000"],["68879.15000000","0.00000000"],["68879.80000000","0.00000000"],["68879.87000000","0.00000000"],["68880.48000000","0.00000000"],["68880.61000000","0.00036000"],["68880.97000000","0.00000000"],["68881.42000000","0.01000000"],["68881.54000000","0.00054000"],["68881.73000000","0.00000000"],["68881.79000000","0.06190000"],["68882.86000000","0.00000000"],["68882.87000000","0.62611000"],["68883.70000000","0.00000000"],["68884.19000000","0.00000000"],["68885.28000000","0.00362000"],["68885.29000000","0.00000000"],["68885.61000000","0.29042000"],["68886.01000000","0.36292000"],["68886.30000000","0.00000000"],["68886.79000000","3.45929000"],["68886.80000000","5.76535000"],["68887.22000000","0.00000000"],["68887.41000000","0.00000000"],["68887.45000000","0.00000000"],["68888.06000000","0.36291000"],["68888.08000000","0.36312000"],["68888.12000000","0.05584000"],["68888.66000000","0.00009000"],["68890.62000000","0.10321000"],["68890.77000000","0.00000000"],["68890.97000000","0.00000000"],["68891.48000000","0.00354000"],["68892.34000000","0.00000000"],["68892.63000000","0.00000000"],["68893.81000000","0.00359000"],["68893.86000000","0.09663000"],["68894.20000000","0.01026000"],["68895.65000000","0.00000000"],["68897.33000000","0.00361000"],["68897.45000000","0.03485000"],["68898.22000000","0.03899000"],["68899.22000000","0.00400000"],["68901.22000000","0.00000000"],["68902.28000000","0.61266000"],["68904.14000000","0.00200000"],["68904.25000000","0.00000000"],["68906.26000000","0.36312000"],["68908.25000000","0.00000000"],["68910.08000000","0.00000000"],["68910.32000000","0.00000000"],["68911.28000000","0.05782000"],["68913.08000000","0.00362000"],["68913.11000000","0.00160000"],["68916.25000000","0.00000000"],["68917.13000000","0.07363000"],["68919.88000000","0.23710000"],["68920.48000000","0.72548000"],["68920.55000000","0.00000000"],["68921.77000000","0.03485000"],["68921.97000000","0.42406000"],["68922.49000000","0.72546000"],["68923.84000000","0.07258000"],["68930.60000000","0.00000000"],["68932.71000000","0.61972000"],["68934.25000000","0.00000000"],["68934.75000000","0.00038000"],["68935.48000000","0.00000000"],["68937.80000000","0.01452000"],["68939.57000000","0.15590000"],["68952.75000000","0.00015000"],["68956.99000000","0.00000000"],["68960.15000000","0.00115000"],["69004.41000000","0.00000000"],["69004.44000000","0.11030000"],["69077.90000000","0.00000000"],["69080.60000000","0.00000000"],["69081.96000000","0.03083000"],["69087.80000000","0.01452000"],["69552.70000000","0.00000000"],["69559.90000000","0.00412000"]]}
{"e":"depthUpdate","E":1717496623307,"s":"BTCUSDT","U":47614191512,"u":47614191645,"b":[["68840.10000000","14.09081000"],["68837.37000000","0.17439000"],["68837.08000000","0.00000000"],["68837.06000000","0.02472000"],["68836.85000000","0.00000000"],["68834.96000000","0.21799000"],["68834.76000000","0.00000000"],["68834.47000000","0.07879000"],["68829.81000000","0.00000000"],["68815.06000000","0.34939000"],["68815.02000000","0.62771000"],["68805.98000000","0.00000000"],["68800.06000000","3.46747000"],["68799.69000000","0.00054000"],["68787.98000000","0.17433000"],["68786.04000000","0.03465000"],["68779.99000000","0.10321000"],["68771.88000000","0.00064000"],["68768.58000000","0.00000000"],["68744.69000000","0.00075000"],["68740.10000000","0.00000000"],["68683.08000000","0.00062000"],["68375.50000000","0.25000000"],["68151.70000000","0.00028000"],["66092.44000000","0.00000000"],["63330.56000000","0.00016000"],["61956.00000000","0.00667000"],["61951.28000000","0.00000000"],["55072.08000000","0.00024000"],["55067.80000000","0.00000000"],["33000.00000000","10.75634000"]],"a":[["68840.11000000","0.02513000"],["68843.00000000","0.00000000"],["68843.55000000","0.12392000"],["68843.56000000","0.00000000"],["68843.57000000","0.00000000"],["68844.59000000","0.28915000"],["68844.77000000","0.00000000"],["68844.98000000","0.02473000"],["68845.00000000","0.00000000"],["68845.20000000","0.05810000"],["68845.39000000","0.00000000"],["68845.50000000","0.06379000"],["68845.67000000","0.00000000"],["68846.20000000","0.05810000"],["68846.22000000","0.00145000"],["68847.74000000","0.00145000"],["68848.40000000","0.05810000"],["68848.50000000","0.08811000"],["68848.86000000","0.00000000"],["68849.23000000","0.16489000"],["68849.40000000","0.05810000"],["68849.70000000","0.17439000"],["68849.80000000","0.18085000"],["68849.89000000","0.00000000"],["68850.00000000","0.05810000"],["68850.68000000","0.00000000"],["68851.00000000","0.05810000"],["68851.60000000","0.07582000"],["68851.65000000","0.07596000"],["68851.94000000","0.12891000"],["68852.30000000","0.00000000"],["68852.50000000","0.00000000"],["68852.62000000","0.00000000"],["68853.18000000","0.00726000"],["68853.94000000","0.00000000"],["68854.32000000","0.00000000"],["68855.58000000","0.00000000"],["68856.44000000","0.00000000"],["68857.20000000","0.00000000"],["68863.51000000","0.37491000"],["68867.65000000","0.01000000"],["68868.51000000","0.00011000"],["68870.87000000","0.64475000"],["68870.88000000","0.62771000"],["68870.89000000","0.00000000"],["68871.65000000","1.07453000"],["68873.50000000","0.00000000"],["68878.19000000","0.00000000"],["68880.43000000","0.15451000"],["68882.23000000","0.00000000"],["68883.95000000","0.00000000"],["68884.84000000","0.00000000"],["68886.78000000","5.76535000"],["68886.79000000","0.00000000"],["68886.80000000","0.00000000"],["68890.84000000","0.06495000"],["68893.24000000","0.04315000"],["68894.77000000","0.00617000"],["68896.50000000","0.00444000"],["68897.39000000","0.00644000"],["68903.39000000","0.00528000"],["68919.88000000","0.00008000"],["68940.11000000","0.01000000"],["68947.17000000","0.00000000"],["69006.89000000","0.28991000"],["69104.69000000","0.00000000"],["69130.43000000","0.06648000"],["69559.90000000","0.00012000"]]}
{"e":"depthUpdate","E":1717496624307,"s":"BTCUSDT","U":47614191646,"u":47614191948,"b":[["68840.99000000","12.30598000"],["68840.63000000","0.20000000"],["68840.51000000","0.29061000"],["68840.50000000","0.11119000"],["68840.41000000","0.00000000"],["68840.40000000","0.19755000"],["68840.22000000","0.20000000"],["68840.17000000","0.00145000"],["68840.11000000","0.13959000"],["68840.10000000","0.92031000"],["68839.29000000","0.31789000"],["68838.71000000","0.00000000"],["68837.69000000","0.00000000"],["68837.67000000","0.00000000"],["68837.66000000","0.00000000"],["68837.65000000","0.00000000"],["68837.51000000","0.00000000"],["68837.49000000","0.00000000"],["68837.40000000","0.00000000"],["68837.35000000","0.02472000"],["68837.18000000","0.00000000"],["68837.14000000","0.00145000"],["68837.06000000","0.00000000"],["68835.61000000","0.39718000"],["68834.84000000","0.00000000"],["68834.75000000","0.66185000"],["68834.74000000","0.00000000"],["68827.60000000","0.00000000"],["68825.59000000","0.05800000"],["68825.42000000","0.00000000"],["68822.47000000","0.00000000"],["68800.72000000","0.00359000"],["68800.51000000","0.00000000"],["68800.50000000","0.00020000"],["68800.31000000","0.00168000"],["68800.06000000","0.00000000"],["68800.05000000","0.15137000"],["68799.80000000","0.00000000"],["68799.03000000","0.00000000"],["68798.39000000","0.31376000"],["68797.72000000","0.00000000"],["68786.51000000","0.00059000"],["68779.70000000","0.00000000"],["68772.40000000","0.00000000"],["68753.74000000","0.01600000"],["68734.75000000","0.00000000"],["68573.80000000","0.00000000"],["68152.59000000","0.00000000"],["66086.44000000","0.00037000"],["63330.56000000","0.00000000"],["55072.80000000","0.00012000"],["55072.08000000","0.00012000"],["33000.00000000","10.75634000"]],"a":[["68840.11000000","0.00000000"],["68840.51000000","0.00000000"],["68841.00000000","0.24213000"],["68842.14000000","0.00014000"],["68843.55000000","0.00000000"],["68843.60000000","0.05810000"],["68844.58000000","0.37115000"],["68844.63000000","0.30324000"],["68844.98000000","0.00000000"],["68845.10000000","0.00000000"],["68845.21000000","0.00000000"],["68845.22000000","0.00000000"],["68845.27000000","0.02473000"],["68845.32000000","0.00000000"],["68845.41000000","0.00000000"],["68845.43000000","0.00000000"],["68845.57000000","0.00000000"],["68845.58000000","0.00048000"],["68845.59000000","0.00000000"],["68845.61000000","0.00000000"],["68846.22000000","0.00000000"],["68846.79000000","0.04366000"],["68849.70000000","0.00000000"],["68850.41000000","0.17439000"],["68852.60000000","0.05810000"],["68853.20000000","0.05810000"],["68861.03000000","0.00000000"],["68861.75000000","0.50000000"],["68863.38000000","0.00030000"],["68866.37000000","0.00000000"],["68870.00000000","0.01339000"],["68872.27000000","0.00000000"],["68872.30000000","0.00000000"],["68874.17000000","0.37570000"],["68883.14000000","0.00000000"],["68883.30000000","2.04967000"],["68886.36000000","0.01124000"],["68886.81000000","0.00024000"],["68887.43000000","0.00000000"],["68890.81000000","0.00000000"],["68896.71000000","0.01240000"],["68908.36000000","0.00000000"],["68920.18000000","0.01210000"],["68932.28000000","0.01191000"],["68934.89000000","0.00000000"],["68940.11000000","0.00000000"],["68940.50000000","0.01000000"],["68941.00000000","0.01000000"],["68960.15000000","0.00015000"],["68963.28000000","0.00100000"],["69559.90000000","0.00412000"]]}
{"e":"depthUpdate","E":1717496625307,"s":"BTCUSDT","U":47614191949,"u":47614192043,"b":[["68840.99000000","12.27402000"],["68840.10000000","0.04881000"],["68839.51000000","0.07770000"],["68837.83000000","0.07949000"],["68837.63000000","0.00000000"],["68837.61000000","0.02472000"],["68837.35000000","0.00000000"],["68837.33000000","0.00000000"],["68836.15000000","0.07919000"],["68834.76000000","0.31976000"],["68830.95000000","0.00000000"],["68826.77000000","0.29067000"],["68821.20000000","0.00000000"],["68819.42000000","0.00000000"],["68802.32000000","0.00000000"],["68801.98000000","2.09239000"],["68800.81000000","0.87222000"],["68800.74000000","3.48723000"],["68800.41000000","0.00000000"],["68798.39000000","0.21160000"],["68786.70000000","0.00063000"],["68786.04000000","0.03402000"],["68772.47000000","0.26200000"],["68771.88000000","0.00000000"],["68767.55000000","0.00000000"],["68753.74000000","0.00000000"],["68740.99000000","0.01000000"],["68600.00000000","13.97627000"],["68152.59000000","0.00000000"],["61956.00000000","0.00667000"],["55072.80000000","0.00024000"],["55072.08000000","0.00000000"],["33000.00000000","10.75634000"],["24782.76000000","0.00025000"],["20652.00000000","0.00000000"]],"a":[["68841.00000000","0.05202000"],["68843.60000000","0.05810000"],["68845.25000000","0.00000000"],["68845.27000000","0.00000000"],["68845.53000000","0.00000000"],["68845.55000000","0.02473000"],["68849.25000000","0.00145000"],["68850.77000000","0.00145000"],["68855.10000000","0.00000000"],["68858.55000000","0.00000000"],["68863.38000000","0.00000000"],["68875.64000000","0.03238000"],["68886.35000000","0.00000000"],["68886.78000000","0.00000000"],["68886.79000000","3.32237000"],["68886.80000000","5.53719000"],["68894.76000000","0.01272000"],["68896.07000000","0.02728000"],["68940.50000000","0.00000000"],["68941.00000000","0.01000000"],["69008.26000000","0.00000000"],["69044.29000000","0.00100000"]]}
{"e":"depthUpdate","E":1717496653308,"s":"BTCUSDT","U":47614201203,"u":47614201494,"b":[["68844.20000000","12.14602000"],["68844.19000000","0.04360000"],["68843.94000000","0.04360000"],["68843.90000000","0.18422000"],["68843.61000000","0.00000000"],["68843.60000000","0.05810000"],["68843.58000000","0.00000000"],["68843.57000000","1.17471000"],["68843.53000000","0.00000000"],["68843.48000000","0.29060000"],["68843.47000000","0.74577000"],["68843.46000000","0.40204000"],["68841.64000000","0.04800000"],["68841.22000000","0.00000000"],["68840.97000000","0.00000000"],["68840.95000000","0.00000000"],["68840.84000000","0.00000000"],["68840.76000000","0.00000000"],["68840.65000000","0.02472000"],["68840.64000000","0.00000000"],["68840.61000000","0.00000000"],["68840.59000000","0.00000000"],["68840.54000000","0.00000000"],["68839.87000000","0.14008000"],["68839.50000000","0.16129000"],["68838.01000000","0.00000000"],["68836.45000000","0.92351000"],["68835.75000000","0.33919000"],["68831.59000000","0.10321000"],["68830.80000000","0.00000000"],["68825.49000000","0.00036000"],["68823.26000000","0.00028000"],["68821.71000000","0.00000000"],["68819.68000000","0.07865000"],["68801.51000000","3.61252000"],["68800.51000000","0.00000000"],["68799.91000000","0.00000000"],["68799.18000000","0.00000000"],["68799.17000000","0.00000000"],["68798.39000000","0.00000000"],["68797.21000000","0.00000000"],["68789.42000000","0.00059000"],["68786.51000000","0.00000000"],["68774.14000000","0.15590000"],["68750.79000000","0.00000000"],["68743.47000000","0.01000000"],["68693.34000000","0.00000000"],["68630.73000000","0.09936000"],["68622.40000000","0.00000000"],["68615.06000000","0.00000000"],["68570.00000000","0.00767000"],["68520.00000000","0.35165000"],["68155.76000000","0.00000000"],["68155.04000000","0.00985000"],["64500.00000000","19.70980000"],["61959.00000000","0.00000000"],["55075.36000000","0.00012000"],["55074.78000000","0.00012000"],["54110.97000000","0.00055000"],["54078.49000000","0.00000000"],["33000.00000000","10.75634000"]],"a":[["68843.48000000","0.00000000"],["68843.58000000","0.00000000"],["68844.21000000","0.35461000"],["68844.43000000","0.01213000"],["68846.19000000","0.00000000"],["68846.47000000","0.00000000"],["68846.48000000","0.00000000"],["68846.79000000","0.17730000"],["68846.80000000","0.05810000"],["68846.97000000","0.30324000"],["68848.46000000","0.00000000"],["68848.51000000","0.02905000"],["68848.55000000","0.02473000"],["68848.56000000","0.00000000"],["68848.58000000","0.00000000"],["68848.68000000","0.00000000"],["68848.76000000","0.00000000"],["68848.87000000","0.00000000"],["68848.89000000","0.00000000"],["68849.14000000","0.00000000"],["68850.00000000","0.06536000"],["68850.83000000","0.00000000"],["68854.64000000","0.12748000"],["68855.80000000","0.05810000"],["68855.94000000","0.00000000"],["68856.14000000","0.14813000"],["68857.95000000","0.09152000"],["68857.97000000","0.00020000"],["68863.13000000","0.61005000"],["68863.93000000","0.00000000"],["68876.24000000","0.15213000"],["68877.85000000","0.36609000"],["68878.19000000","0.00804000"],["68884.37000000","0.00000000"],["68884.99000000","0.00000000"],["68885.53000000","5.47548000"],["68885.75000000","0.00000000"],["68887.02000000","0.04504000"],["68888.87000000","0.00000000"],["68889.85000000","0.00055000"],["68908.46000000","0.00000000"],["68911.36000000","0.00000000"],["68943.48000000","0.00000000"],["68943.58000000","0.01000000"],["69112.08000000","0.00000000"],["69134.11000000","0.06459000"]]}
{"e":"depthUpdate","E":1717496654309,"s":"BTCUSDT","U":47614201495,"u":47614201672,"b":[["68844.20000000","12.35012000"],["68844.19000000","0.00000000"],["68843.97000000","0.04360000"],["68843.94000000","0.00000000"],["68843.46000000","0.46511000"],["68841.36000000","0.02472000"],["68841.30000000","0.00000000"],["68841.19000000","0.00000000"],["68841.08000000","0.00000000"],["68840.91000000","0.00000000"],["68840.74000000","0.00000000"],["68840.65000000","0.00000000"],["68840.62000000","0.00000000"],["68840.60000000","0.00000000"],["68840.58000000","0.00000000"],["68840.54000000","0.00000000"],["68840.49000000","0.00000000"],["68840.44000000","0.00000000"],["68840.43000000","0.00000000"],["68840.41000000","0.00000000"],["68840.34000000","0.00000000"],["68840.29000000","0.00000000"],["68840.24000000","0.00000000"],["68827.22000000","0.00000000"],["68824.59000000","0.00000000"],["68816.54000000","0.00000000"],["68814.54000000","0.01452000"],["68801.98000000","0.00000000"],["68801.80000000","2.08045000"],["68801.51000000","0.14525000"],["68800.51000000","3.46727000"],["68789.71000000","0.00063000"],["68789.37000000","0.00000000"],["68777.08000000","0.00000000"],["68744.20000000","0.01000000"],["68743.47000000","0.00000000"],["68671.94000000","0.00164000"],["68660.52000000","0.00000000"],["68155.76000000","0.00000000"],["68090.05000000","0.00000000"],["67841.96000000","0.00653000"],["67750.10000000","0.00000000"],["63000.00000000","58.32245000"],["55075.36000000","0.00024000"],["55074.78000000","0.00000000"],["33000.01000000","0.00043000"],["33000.00000000","10.75634000"]],"a":[["68844.21000000","0.22237000"],["68844.44000000","0.00000000"],["68844.60000000","0.00000000"],["68845.20000000","0.00000000"],["68846.07000000","0.00000000"],["68846.08000000","0.00363000"],["68846.20000000","0.00000000"],["68846.79000000","0.03486000"],["68846.80000000","0.00000000"],["68846.97000000","0.00000000"],["68847.80000000","0.00000000"],["68848.17000000","0.00000000"],["68848.21000000","0.00000000"],["68848.26000000","0.00000000"],["68848.33000000","0.00000000"],["68848.35000000","0.00000000"],["68848.36000000","0.00000000"],["68848.39000000","0.18200000"],["68848.41000000","0.00000000"],["68848.46000000","0.00000000"],["68848.50000000","0.00000000"],["68848.52000000","0.00000000"],["68848.54000000","0.00000000"],["68848.55000000","0.00000000"],["68848.57000000","0.00000000"],["68848.58000000","0.00000000"],["68848.66000000","0.00000000"],["68848.80000000","0.30324000"],["68848.83000000","0.00000000"],["68849.11000000","0.00000000"],["68849.22000000","0.00000000"],["68849.28000000","0.02473000"],["68849.79000000","0.00000000"],["68849.99000000","0.00000000"],["68850.65000000","0.26070000"],["68853.53000000","0.14531000"],["68853.69000000","0.00000000"],["68854.14000000","0.00000000"],["68854.49000000","0.00000000"],["68856.13000000","0.10468000"],["68857.41000000","0.17439000"],["68857.95000000","0.00000000"],["68866.03000000","0.36168000"],["68868.32000000","0.60279000"],["68873.65000000","0.04235000"],["68878.93000000","0.00000000"],["68884.81000000","0.00036000"],["68885.07000000","0.00000000"],["68885.53000000","0.00000000"],["68885.94000000","0.00000000"],["68887.01000000","0.36169000"],["68894.10000000","0.02728000"],["68894.71000000","0.02728000"],["68918.19000000","0.02727000"],["68943.58000000","0.00000000"],["68944.21000000","0.00000000"],["69216.89000000","0.00000000"],["69883.19000000","0.00000000"],["69978.32000000","0.00652000"]]}
{"e":"depthUpdate","E":1717496655308,"s":"BTCUSDT","U":47614201673,"u":47614202794,"b":[["68847.85000000","9.17152000"],["68847.80000000","0.05810000"],["68847.51000000","0.10000000"],["68847.41000000","0.33485000"],["68847.40000000","0.10000000"],["68847.39000000","0.13798000"],["68847.38000000","0.76068000"],["68847.16000000","0.00000000"],["68847.03000000","0.17439000"],["68846.80000000","0.05810000"],["68846.69000000","0.29059000"],["68846.49000000","0.00000000"],["68846.20000000","0.05810000"],["68846.19000000","0.20000000"],["68846.08000000","0.00000000"],["68846.07000000","0.55796000"],["68845.99000000","0.00000000"],["68845.95000000","0.00000000"],["68845.86000000","0.00000000"],["68845.59000000","0.00000000"],["68845.58000000","0.00000000"],["68845.57000000","0.00000000"],["68845.32000000","0.04800000"],["68845.21000000","0.00000000"],["68845.20000000","0.05810000"],["68845.19000000","0.00000000"],["68845.18000000","0.00000000"],["68845.17000000","0.00000000"],["68844.93000000","0.00000000"],["68844.65000000","0.00000000"],["68844.62000000","0.00000000"],["68844.61000000","0.00000000"],["68844.60000000","0.05810000"],["68844.59000000","0.00000000"],["68844.44000000","0.00000000"],["68844.43000000","0.00000000"],["68844.42000000","0.07744000"],["68844.32000000","0.20000000"],["68844.21000000","0.00000000"],["68844.20000000","0.01129000"],["68844.10000000","0.00000000"],["68844.05000000","0.00000000"],["68843.97000000","0.00000000"],["68843.93000000","0.02472000"],["68843.90000000","0.00000000"],["68843.86000000","0.00000000"],["68843.76000000","0.00000000"],["68843.73000000","0.00000000"],["68843.64000000","0.00000000"],["68843.61000000","0.35657000"],["68843.57000000","0.30321000"],["68843.50000000","0.00000000"],["68843.48000000","0.00000000"],["68843.47000000","0.52169000"],["68843.46000000","0.40294000"],["68843.42000000","0.00000000"],["68843.28000000","0.00000000"],["68843.22000000","0.00000000"],["68843.20000000","0.00000000"],["68842.86000000","0.00000000"],["68842.84000000","0.00000000"],["68842.41000000","0.00000000"],["68842.37000000","0.10000000"],["68842.32000000","0.00143000"],["68842.25000000","0.00000000"],["68842.21000000","0.00000000"],["68842.11000000","0.00000000"],["68842.06000000","0.00000000"],["68841.97000000","0.00000000"],["68841.88000000","0.00000000"],["68841.80000000","0.00000000"],["68841.64000000","0.00000000"],["68841.56000000","0.00000000"],["68841.55000000","0.00000000"],["68841.50000000","0.00000000"],["68841.48000000","0.00000000"],["68841.46000000","0.00000000"],["68841.44000000","0.07642000"],["68841.43000000","0.00000000"],["68841.42000000","0.00000000"],["68841.36000000","0.00000000"],["68841.34000000","0.00000000"],["68841.29000000","0.00000000"],["68841.19000000","0.00000000"],["68840.38000000","0.00316000"],["68840.22000000","0.10000000"],["68839.99000000","0.10000000"],["68839.87000000","0.04008000"],["68839.41000000","0.00000000"],["68839.37000000","0.00000000"],["68839.18000000","0.00030000"],["68838.70000000","0.00014000"],["68838.21000000","0.00011000"],["68838.09000000","1.88826000"],["68837.88000000","0.00000000"],["68837.21000000","0.00000000"],["68836.57000000","0.02903000"],["68836.52000000","0.61005000"],["68835.87000000","0.00290000"],["68835.81000000","0.60279000"],["68835.79000000","0.00000000"],["68835.76000000","0.02053000"],["68835.36000000","0.00000000"],["68835.19000000","0.00000000"],["68834.54000000","0.00000000"],["68834.08000000","0.01000000"],["68834.00000000","0.00000000"],["68833.61000000","0.00014000"],["68833.40000000","0.00000000"],["68832.73000000","0.36312000"],["68832.40000000","0.00000000"],["68831.80000000","0.00037000"],["68831.69000000","0.05800000"],["68831.50000000","0.00000000"],["68829.56000000","0.29048000"],["68829.55000000","0.60279000"],["68829.37000000","0.00000000"],["68829.34000000","0.00000000"],["68828.71000000","1.04154000"],["68828.61000000","0.00000000"],["68827.28000000","0.00100000"],["68826.51000000","0.00000000"],["68824.91000000","0.00000000"],["68824.38000000","0.00028000"],["68823.56000000","0.00000000"],["68823.54000000","0.04000000"],["68823.26000000","0.00000000"],["68822.92000000","0.07956000"],["68822.61000000","0.00000000"],["68822.23000000","0.00000000"],["68822.22000000","0.00000000"],["68820.00000000","0.21970000"],["68819.87000000","0.00000000"],["68818.03000000","0.00041000"],["68816.40000000","0.00400000"],["68816.39000000","0.00033000"],["68809.44000000","0.00171000"],["68809.43000000","0.00357000"],["68809.27000000","0.00356000"],["68807.66000000","0.00000000"],["68807.36000000","0.00000000"],["68805.45000000","0.89135000"],["68804.28000000","0.00000000"],["68803.23000000","0.00000000"],["68803.09000000","0.14528000"],["68801.98000000","0.36170000"],["68801.80000000","3.46713000"],["68801.40000000","0.60280000"],["68800.80000000","0.00000000"],["68800.51000000","0.00000000"],["68799.94000000","0.00000000"],["68799.79000000","0.00000000"],["68792.77000000","0.01000000"],["68790.29000000","0.00059000"],["68789.42000000","0.00000000"],["68782.47000000","0.00000000"],["68781.20000000","0.00000000"],["68781.19000000","0.03485000"],["68780.93000000","0.01451000"],["68779.01000000","0.03539000"],["68778.92000000","0.00063000"],["68771.92000000","0.00259000"],["68771.56000000","0.00000000"],["68767.63000000","0.00000000"],["68767.62000000","0.00000000"],["68767.41000000","0.00063000"],["68765.85000000","0.00000000"],["68761.95000000","0.00145000"],["68751.57000000","0.00075000"],["68748.38000000","0.00000000"],["68744.20000000","0.00000000"],["68737.16000000","0.02733000"],["68734.86000000","0.17429000"],["68732.95000000","0.00000000"],["68709.66000000","0.00000000"],["68692.19000000","0.00000000"],["68684.85000000","0.00191000"],["68671.94000000","0.00000000"],["68556.70000000","0.25000000"],["68538.91000000","0.03246000"],["68528.37000000","0.00018000"],["68159.38000000","0.00000000"],["68158.91000000","0.00000000"],["68155.76000000","0.00000000"],["61963.00000000","0.00000000"],["55077.91000000","0.00012000"],["55075.36000000","0.00012000"],["33000.00000000","10.75634000"],["24870.88000000","0.00050000"],["24783.91000000","0.00025000"]],"a":[["68844.21000000","0.00000000"],["68844.43000000","0.00000000"],["68844.44000000","0.00000000"],["68845.58000000","0.00000000"],["68846.08000000","0.00000000"],["68846.17000000","0.00000000"],["68846.20000000","0.00000000"],["68846.79000000","0.00000000"],["68846.80000000","0.00000000"],["68847.34000000","0.00000000"],["68847.39000000","0.00000000"],["68847.40000000","0.00000000"],["68847.41000000","0.00000000"],["68847.79000000","0.00000000"],["68847.80000000","0.00000000"],["68847.86000000","1.55176000"],["68847.87000000","0.07753000"],["68847.88000000","0.00000000"],["68847.89000000","0.00000000"],["68848.39000000","0.00000000"],["68848.40000000","0.05810000"],["68848.51000000","0.33229000"],["68848.57000000","0.29058000"],["68848.72000000","0.00000000"],["68848.73000000","0.00000000"],["68848.79000000","0.04000000"],["68848.80000000","0.00000000"],["68849.01000000","0.00000000"],["68849.07000000","0.00000000"],["68849.11000000","0.00000000"],["68849.15000000","0.00000000"],["68849.21000000","0.00000000"],["68849.28000000","0.00000000"],["68849.34000000","0.00000000"],["68849.36000000","0.00000000"],["68849.38000000","0.00000000"],["68849.40000000","0.05810000"],["68849.42000000","0.00000000"],["68849.47000000","0.00000000"],["68849.48000000","0.00000000"],["68849.72000000","0.00000000"],["68849.80000000","0.00000000"],["68849.87000000","0.06175000"],["68849.89000000","0.00000000"],["68849.99000000","0.00000000"],["68850.00000000","0.05810000"],["68850.04000000","0.00000000"],["68850.13000000","0.00000000"],["68850.33000000","0.00000000"],["68850.65000000","0.00000000"],["68850.77000000","0.00000000"],["68850.78000000","0.00000000"],["68850.90000000","0.00000000"],["68851.00000000","0.05810000"],["68851.20000000","0.00000000"],["68851.34000000","0.15896000"],["68851.35000000","0.00000000"],["68851.56000000","0.27927000"],["68851.60000000","0.05810000"],["68851.65000000","0.00000000"],["68851.68000000","0.00000000"],["68851.73000000","0.00000000"],["68851.78000000","0.00000000"],["68851.85000000","0.02473000"],["68851.89000000","0.00000000"],["68851.97000000","0.00000000"],["68852.02000000","0.00000000"],["68852.13000000","0.00000000"],["68852.14000000","0.00000000"],["68852.28000000","0.00000000"],["68852.46000000","0.00014000"],["68852.54000000","0.00000000"],["68852.58000000","0.00000000"],["68852.60000000","0.05810000"],["68852.97000000","0.00030000"],["68853.02000000","0.00000000"],["68853.35000000","0.00000000"],["68853.54000000","0.00000000"],["68853.67000000","0.00000000"],["68853.71000000","0.23930000"],["68853.79000000","0.00000000"],["68854.23000000","0.00316000"],["68854.64000000","0.00000000"],["68854.67000000","0.08000000"],["68855.10000000","0.00000000"],["68855.31000000","0.00000000"],["68855.74000000","0.00000000"],["68856.05000000","0.00000000"],["68856.27000000","0.00000000"],["68856.60000000","0.00040000"],["68857.28000000","0.00000000"],["68857.40000000","0.05810000"],["68857.41000000","0.00000000"],["68857.57000000","0.17439000"],["68857.73000000","0.12799000"],["68857.95000000","0.19294000"],["68858.74000000","0.29048000"],["68859.30000000","0.00000000"],["68859.54000000","0.00000000"],["68859.55000000","0.00000000"],["68859.63000000","0.00000000"],["68860.05000000","0.00039000"],["68860.68000000","0.00000000"],["68860.92000000","0.00000000"],["68860.94000000","0.00039000"],["68862.91000000","0.00014000"],["68862.97000000","0.00584000"],["68863.77000000","0.00000000"],["68863.92000000","0.00000000"],["68864.11000000","0.02600000"],["68864.49000000","0.09687000"],["68864.79000000","0.00000000"],["68865.09000000","0.00036000"],["68866.44000000","0.00000000"],["68866.74000000","0.00033000"],["68867.12000000","0.14524000"],["68867.38000000","0.28616000"],["68868.31000000","0.27607000"],["68868.72000000","0.00000000"],["68869.04000000","0.75400000"],["68869.07000000","0.36312000"],["68869.32000000","0.00000000"],["68869.69000000","0.00000000"],["68870.70000000","0.00000000"],["68870.97000000","0.00000000"],["68870.98000000","0.00000000"],["68871.15000000","0.00030000"],["68871.48000000","0.29048000"],["68872.59000000","0.00000000"],["68872.69000000","0.00000000"],["68872.89000000","0.00000000"],["68873.02000000","0.62770000"],["68874.09000000","0.00030000"],["68874.99000000","0.38660000"],["68875.13000000","0.62611000"],["68875.19000000","0.00359000"],["68875.20000000","0.00000000"],["68876.03000000","0.00100000"],["68876.24000000","0.00000000"],["68880.88000000","0.21791000"],["68881.46000000","0.13258000"],["68881.53000000","0.00000000"],["68881.89000000","0.00000000"],["68882.87000000","0.52290000"],["68883.19000000","0.00000000"],["68883.29000000","0.00490000"],["68885.53000000","0.00000000"],["68886.04000000","0.00000000"],["68886.80000000","0.00000000"],["68886.93000000","0.06586000"],["68886.95000000","0.00000000"],["68887.01000000","0.00000000"],["68887.02000000","0.00000000"],["68887.33000000","0.03027000"],["68888.65000000","5.44155000"],["68888.86000000","0.00000000"],["68889.85000000","0.00000000"],["68890.62000000","0.52290000"],["68890.91000000","0.29050000"],["68891.00000000","0.00000000"],["68891.15000000","0.00363000"],["68892.76000000","0.00055000"],["68892.97000000","0.00000000"],["68893.86000000","0.00000000"],["68896.47000000","0.00000000"],["68898.37000000","0.00000000"],["68898.78000000","0.01516000"],["68902.94000000","0.08631000"],["68903.82000000","0.23083000"],["68911.15000000","0.00000000"],["68913.88000000","0.10321000"],["68914.86000000","0.02713000"],["68915.55000000","0.00000000"],["68916.68000000","0.00000000"],["68918.01000000","0.00359000"],["68918.67000000","0.36312000"],["68921.24000000","0.00360000"],["68921.63000000","0.10321000"],["68922.46000000","0.00000000"],["68925.70000000","0.03485000"],["68929.38000000","0.10321000"],["68930.66000000","0.12555000"],["68931.07000000","0.00000000"],["68937.60000000","0.00016000"],["68938.80000000","0.01452000"],["68943.48000000","0.00000000"],["68944.21000000","0.01000000"],["68955.89000000","0.00000000"],["68958.54000000","0.00000000"],["68961.70000000","0.00055000"],["68965.62000000","0.36376000"],["68966.30000000","0.00000000"],["68969.39000000","0.00100000"],["68985.99000000","0.00000000"],["68990.19000000","0.00145000"],["69085.77000000","0.00000000"],["69087.60000000","0.00000000"],["69088.80000000","0.01452000"],["69089.70000000","0.02978000"]]}
{"e":"depthUpdate","E":1717496656309,"s":"BTCUSDT","U":47614202795,"u":47614203145,"b":[["68848.49000000","8.92344000"],["68848.45000000","0.00000000"],["68848.41000000","0.00000000"],["68848.40000000","0.05810000"],["68848.39000000","0.00000000"],["68847.99000000","0.72000000"],["68847.92000000","0.00000000"],["68847.89000000","0.00000000"],["68847.88000000","0.00000000"],["68847.87000000","0.00000000"],["68847.86000000","1.07150000"],["68847.85000000","0.79469000"],["68847.75000000","0.00145000"],["68847.38000000","0.15156000"],["68847.03000000","0.00000000"],["68847.00000000","0.00000000"],["68846.23000000","0.00145000"],["68845.16000000","0.32029000"],["68844.61000000","0.24179000"],["68844.54000000","0.02472000"],["68844.42000000","0.02744000"],["68844.19000000","0.00000000"],["68844.15000000","0.04360000"],["68844.10000000","0.00000000"],["68844.02000000","0.17439000"],["68843.93000000","0.00000000"],["68843.77000000","0.00000000"],["68843.61000000","0.00000000"],["68843.47000000","0.20303000"],["68841.85000000","0.04360000"],["68840.10000000","0.04816000"],["68839.72000000","0.00000000"],["68839.54000000","0.14914000"],["68839.51000000","0.07769000"],["68839.50000000","0.00000000"],["68839.49000000","0.00000000"],["68839.08000000","1.13305000"],["68837.85000000","0.00008000"],["68835.60000000","0.00000000"],["68835.00000000","0.00000000"],["68832.82000000","0.21787000"],["68832.41000000","0.00000000"],["68831.18000000","0.00036000"],["68829.04000000","0.00029000"],["68827.28000000","0.00100000"],["68826.03000000","0.00028000"],["68825.43000000","0.00100000"],["68824.38000000","0.00000000"],["68823.78000000","0.00000000"],["68823.55000000","0.00000000"],["68822.45000000","0.00000000"],["68813.97000000","0.00033000"],["68807.75000000","0.00000000"],["68807.18000000","0.01000000"],["68805.45000000","0.01985000"],["68805.05000000","0.00000000"],["68802.31000000","0.89028000"],["68801.98000000","2.03512000"],["68801.80000000","0.00000000"],["68800.98000000","3.46713000"],["68796.35000000","0.00000000"],["68792.77000000","0.00000000"],["68792.73000000","0.00060000"],["68789.71000000","0.00000000"],["68752.61000000","0.00075000"],["68751.57000000","0.00000000"],["68747.85000000","0.01000000"],["68703.01000000","0.20012000"],["68690.61000000","0.00062000"],["68686.01000000","0.00000000"],["68381.60000000","0.00000000"],["68381.59000000","0.00581000"],["68160.01000000","0.00000000"],["68159.38000000","0.00000000"],["55078.80000000","0.00012000"],["55075.36000000","0.00000000"],["33000.00000000","10.75634000"]],"a":[["68847.86000000","0.00000000"],["68847.87000000","0.00000000"],["68848.40000000","0.00000000"],["68848.50000000","0.92657000"],["68848.51000000","0.43229000"],["68849.40000000","0.00000000"],["68849.87000000","0.00000000"],["68849.94000000","0.06373000"],["68850.00000000","0.00000000"],["68850.99000000","0.06950000"],["68851.00000000","0.05810000"],["68851.34000000","0.00000000"],["68851.56000000","0.00000000"],["68851.84000000","0.16146000"],["68851.85000000","0.00000000"],["68852.02000000","0.00000000"],["68852.11000000","0.00000000"],["68852.18000000","0.25725000"],["68852.46000000","0.02487000"],["68853.71000000","0.07642000"],["68853.78000000","0.00000000"],["68854.05000000","0.00000000"],["68855.10000000","0.00008000"],["68855.54000000","0.00726000"],["68855.63000000","0.00000000"],["68855.65000000","0.00000000"],["68855.74000000","0.00000000"],["68856.13000000","0.00000000"],["68856.14000000","0.00000000"],["68856.60000000","0.00000000"],["68857.39000000","0.11580000"],["68857.57000000","0.00000000"],["68857.73000000","0.00000000"],["68858.00000000","0.05810000"],["68858.82000000","0.00000000"],["68867.38000000","0.38937000"],["68869.30000000","0.49071000"],["68871.15000000","0.00000000"],["68872.93000000","0.00029000"],["68875.58000000","0.00000000"],["68876.03000000","0.06686000"],["68882.87000000","0.62611000"],["68886.02000000","0.22978000"],["68886.14000000","0.00000000"],["68886.79000000","0.00000000"],["68886.80000000","0.00000000"],["68886.93000000","0.00000000"],["68886.99000000","5.35221000"],["68887.01000000","0.04504000"],["68888.65000000","0.00000000"],["68891.15000000","0.00000000"],["68892.82000000","0.00100000"],["68893.85000000","0.00362000"],["68893.86000000","0.36312000"],["68903.82000000","0.00000000"],["68918.67000000","0.00000000"],["68944.21000000","0.00000000"],["68947.86000000","0.01000000"],["68948.77000000","0.27323000"],["68953.73000000","0.00145000"],["69018.01000000","0.00000000"],["69119.19000000","0.00289000"]]}
{"e":"depthUpdate","E":1717496657308,"s":"BTCUSDT","U":47614203146,"u":47614203256,"b":[["68848.49000000","10.13052000"],["68847.85000000","0.45411000"],["68845.16000000","0.00000000"],["68844.72000000","0.00145000"],["68844.20000000","0.00000000"],["68844.15000000","0.00000000"],["68843.20000000","0.00145000"],["68840.10000000","0.00000000"],["68839.87000000","0.00000000"],["68835.76000000","0.02164000"],["68835.10000000","0.60279000"],["68833.48000000","0.23135000"],["68833.47000000","0.38544000"],["68832.82000000","0.00000000"],["68830.95000000","0.50008000"],["68830.21000000","0.00000000"],["68829.89000000","0.62492000"],["68822.03000000","0.37937000"],["68820.81000000","0.38660000"],["68818.38000000","0.10425000"],["68814.72000000","0.00000000"],["68808.83000000","0.00000000"],["68806.61000000","0.36170000"],["68805.46000000","0.00000000"],["68802.31000000","0.01878000"],["68801.98000000","0.00000000"],["68800.98000000","0.00000000"],["68799.62000000","0.01429000"],["68794.05000000","0.00100000"],["68793.41000000","0.00059000"],["68793.15000000","0.00617000"],["68790.29000000","0.00000000"],["68780.67000000","0.00000000"],["68778.92000000","0.00000000"],["68752.61000000","0.00075000"],["68747.85000000","0.00000000"],["68738.08000000","0.00000000"],["68691.01000000","0.00062000"],["68690.61000000","0.00000000"],["68160.01000000","0.00000000"],["67300.00000000","10.56487000"],["63334.77000000","0.00016000"],["61963.00000000","0.00000000"],["55078.80000000","0.00024000"],["55077.91000000","0.00000000"],["33000.00000000","10.75694000"]],"a":[["68848.50000000","0.23313000"],["68849.40000000","0.00000000"],["68849.94000000","0.00000000"],["68850.00000000","0.00000000"],["68850.21000000","0.06112000"],["68856.01000000","0.12877000"],["68858.25000000","0.17439000"],["68859.00000000","0.05810000"],["68859.60000000","0.05810000"],["68876.86000000","0.15434000"],["68877.43000000","0.00000000"],["68883.29000000","0.00000000"],["68886.79000000","3.21129000"],["68886.80000000","5.35211000"],["68886.89000000","0.00000000"],["68886.99000000","0.00010000"],["68890.62000000","0.62611000"],["68896.49000000","0.01433000"],["68919.51000000","0.00000000"],["68936.41000000","0.00000000"],["68948.50000000","0.01000000"],["68961.06000000","0.00545000"],["68974.63000000","0.00000000"],["69014.08000000","0.00723000"]]}
