"https://fapi.binance.com/fapi/v1/depth?symbol={}&limit=1000"
{
    'e': 'depthUpdate', 
    'E': 1718271435772, 
    'T': 1718271435769, 
    's': 'BTCUSDT', 
    'U': 4781077384300, 
    'u': 4781077388249, 
    'pu': 4781077384218, 
    'b': [
        ['1000.00', '138.305'], ['5000.00', '2.114'], ['33000.00', '5.106'], ['60587.00', '0.007'], ['60598.30', '0.002'], 
        ['64643.60', '0.004'], ['67201.40', '0.000'], ['67204.00', '1.022'], ['67234.50', '0.007'], ['67262.90', '0.012'], 
        ['67271.50', '0.842'], ['67272.50', '0.062'], ['67280.00', '1.998'], ['67281.40', '0.000'], ['67290.10', '1.056'], 
        ['67293.10', '0.000'], ['67297.30', '0.221'], ['67298.80', '0.180'], ['67307.40', '0.017'], ['67307.70', '1.038'], 
        ['67309.90', '0.000'], ['67310.90', '0.002'], ['67313.10', '0.253'], ['67313.50', '0.000'], ['67317.10', '0.056'], 
        ['67317.90', '0.150'], ['67324.20', '0.358'], ['67326.50', '0.000'], ['67327.10', '0.555'], ['67329.80', '0.005'], 
        ['67330.30', '0.000'], ['67330.70', '0.007'], ['67331.10', '0.000'], ['67333.00', '0.059'], ['67336.90', '0.000'], 
        ['67337.00', '0.284']], 
    'a': [
        ['67337.10', '16.291'], ['67337.90', '0.086'], ['67341.50', '0.007'], ['67341.60', '0.316'],
        ['67342.40', '0.000'], ['67343.60', '0.017'], ['67343.70', '0.335'], ['67343.80', '2.513'], ['67344.10', '0.003'], 
        ['67344.50', '0.088'], ['67344.90', '0.178'], ['67345.40', '0.009'], ['67346.00', '0.266'], ['67346.90', '1.074'], 
        ['67348.20', '1.355'], ['67348.30', '0.338'], ['67348.50', '0.172'], ['67349.80', '0.023'], ['67350.00', '0.101'], 
        ['67351.60', '0.401'], ['67351.90', '0.016'], ['67352.50', '2.072'], ['67353.20', '1.890'], ['67364.30', '2.643'], 
        ['67366.60', '0.060'], ['67366.70', '0.068'], ['67369.00', '0.015'], ['67369.40', '0.324'], ['67369.70', '0.011'], 
        ['67370.60', '0.002'], ['67371.20', '0.031'], ['67390.70', '0.000'], ['67394.30', '0.006'], ['67397.70', '0.002'], 
        ['67397.80', '0.000'], ['67399.20', '0.000'], ['67401.10', '0.000'], ['67478.50', '0.398'], ['70007.70', '0.000'], ['70030.50', '0.041']
    ]
}






{
    'e': 'depthUpdate', 
    'E': 1718271792969, 
    'T': 1718271792969, 
    's': 'BTCUSDT', 
    'U': 4781097156823, 
    'u': 4781097167811, 
    'pu': 4781097156815, 
    'b': [
        ['1000.00', '138.305'], ['5000.00', '2.114'], ['60534.00', '0.000'], ['62009.20', '0.000'], ['63900.00', '8.245'], ['63917.80', '0.645'], ['66235.30', '0.000'], ['66389.20', '3.579'], ['66459.00', '0.006'], ['66459.20', '0.030'], 
        ['66590.90', '1.225'], ['66624.80', '0.475'], ['66658.90', '0.000'], ['66672.30', '0.000'], ['66851.90', '0.000'], ['66930.90', '0.014'], ['66947.00', '0.270'], ['67056.40', '0.030'], ['67058.70', '1.600'], ['67058.80', '0.282'], 
        ['67059.10', '3.171'], ['67076.20', '0.030'], ['67076.30', '0.003'], ['67076.60', '0.000'], ['67096.80', '0.000'], ['67106.50', '1.104'], ['67113.10', '0.014'], ['67126.10', '2.600'], ['67126.40', '3.603'], ['67130.70', '0.002'], 
        ['67143.50', '0.002'], ['67143.60', '1.425'], ['67143.80', '0.014'], ['67151.10', '1.062'], ['67151.60', '0.000'], ['67158.30', '0.007'], ['67159.00', '1.137'], ['67159.10', '0.134'], ['67159.20', '0.170'], ['67159.90', '0.476'], 
        ['67160.20', '27.430'], ['67160.80', '0.503'], ['67166.90', '1.689'], ['67170.20', '0.000'], ['67172.70', '0.024'], ['67172.80', '0.002'], ['67174.30', '1.768'], ['67177.30', '0.000'], ['67179.00', '0.004'], ['67180.20', '0.025'], 
        ['67182.70', '1.191'], ['67182.80', '0.004'], ['67185.20', '0.007'], ['67186.60', '0.000'], ['67189.20', '1.023'], ['67189.80', '0.006'], ['67190.80', '0.017'], ['67192.30', '0.384'], ['67194.80', '1.444'], ['67195.80', '0.129'], 
        ['67196.70', '0.059'], ['67197.20', '0.103'], ['67199.20', '0.505'], ['67199.60', '0.159'], ['67200.10', '0.037'], ['67200.20', '14.883'], ['67200.50', '0.066'], ['67201.10', '0.242'], ['67201.70', '0.062'], ['67202.20', '0.061'], 
        ['67202.70', '0.356'], ['67204.90', '2.723'], ['67205.20', '0.000'], ['67205.30', '0.021'], ['67206.10', '11.903'], ['67206.20', '0.022'], ['67207.10', '0.717'], ['67207.30', '0.144'], ['67207.50', '0.182'], ['67207.70', '1.910'], 
        ['67208.70', '0.059'], ['67208.90', '0.059'], ['67209.30', '0.065'], ['67211.50', '0.089'], ['67211.90', '0.689'], ['67212.10', '0.092'], ['67212.20', '0.088'], ['67212.30', '0.059'], ['67212.40', '0.147'], ['67212.50', '0.290'], 
        ['67212.70', '0.114'], ['67212.90', '3.227'], ['67213.50', '0.007'], ['67214.70', '0.113'], ['67214.80', '0.219'], ['67214.90', '0.641'], ['67215.40', '0.626'], ['67215.90', '0.009'], ['67216.00', '0.200'], ['67216.50', '0.088'], 
        ['67216.80', '0.129'], ['67217.40', '0.353'], ['67217.90', '0.000'], ['67218.30', '0.320'], ['67218.40', '0.026'], ['67218.50', '0.011'], ['67218.60', '0.002'], ['67219.40', '0.040'], ['67220.10', '0.138'], ['67220.60', '0.051'], 
        ['67221.70', '0.002'], ['67223.30', '0.980'], ['67225.30', '0.007'], ['67225.70', '0.002'], ['67226.20', '0.054'], ['67226.90', '1.825'], ['67227.00', '0.335'], ['67227.50', '0.086'], ['67228.10', '1.182'], ['67229.00', '0.008'], 
        ['67229.10', '0.003'], ['67229.30', '0.002'], ['67229.90', '0.030'], ['67230.00', '2.747'], ['67230.20', '0.347'], ['67231.00', '0.087'], ['67232.20', '0.098'], ['67232.70', '0.275'], ['67233.10', '1.274'], ['67233.20', '0.204'], 
        ['67234.80', '1.005'], ['67235.00', '0.640'], ['67235.10', '0.299'], ['67235.20', '0.259'], ['67235.30', '0.110'], ['67235.70', '0.072'], ['67235.90', '0.004'], ['67236.20', '0.050'], ['67236.30', '2.474'], ['67236.60', '0.258'], 
        ['67237.20', '1.130'], ['67238.00', '0.167'], ['67238.10', '1.202'], ['67238.30', '0.054'], ['67238.90', '0.053'], ['67239.00', '0.844'], ['67239.40', '0.002'], ['67239.70', '1.192'], ['67239.90', '0.018'], ['67240.10', '0.035'], 
        ['67240.20', '0.046'], ['67241.00', '6.147'], ['67241.10', '0.213'], ['67241.70', '2.166'], ['67241.90', '1.116'], ['67242.00', '0.618'], ['67242.30', '0.460'], ['67242.50', '0.052'], ['67242.60', '0.148'], ['67242.70', '0.015'], 
        ['67242.80', '0.032'], ['67242.90', '0.074'], ['67243.10', '0.626'], ['67243.20', '0.132'], ['67243.40', '0.000'], ['67243.50', '0.104'], ['67243.60', '0.152'], ['67243.70', '0.002'], ['67243.80', '0.456'], ['67243.90', '0.002'], 
        ['67244.30', '0.070'], ['67244.60', '0.000'], ['67244.80', '0.273'], ['67245.00', '0.114'], ['67245.20', '2.290'], ['67245.40', '0.260'], ['67246.00', '0.021'], ['67246.20', '0.164'], ['67246.40', '0.008'], ['67246.50', '0.077'], 
        ['67246.60', '0.018'], ['67246.80', '0.013'], ['67246.90', '0.607'], ['67247.70', '2.100'], ['67247.90', '0.023'], ['67248.10', '1.826'], ['67248.80', '0.002'], ['67249.00', '0.560'], ['67249.30', '0.004'], ['67249.50', '0.002'], 
        ['67249.80', '0.040'], ['67249.90', '0.002'], ['67250.00', '6.728'], ['67250.10', '0.232'], ['67250.20', '0.000'], ['67250.70', '0.026'], ['67251.50', '0.002'], ['67251.70', '0.004'], ['67252.50', '0.247'], ['67253.20', '0.073'], 
        ['67253.70', '0.145'], ['67254.50', '1.007'], ['67255.40', '2.865'], ['67255.50', '0.223'], ['67255.90', '0.083'], ['67256.30', '0.033'], ['67256.60', '0.000'], ['67256.70', '0.296'], ['67256.80', '0.000'], ['67257.00', '0.000'], 
        ['67257.10', '0.084'], ['67257.50', '0.003'], ['67257.70', '0.000'], ['67258.10', '0.660'], ['67258.20', '0.003'], ['67259.10', '0.000'], ['67259.50', '0.000'], ['67260.00', '0.532'], ['67260.10', '0.000'], ['67260.50', '0.572'], 
        ['67260.60', '0.679'], ['67263.50', '0.200']], 
    'a': [
        ['67263.60', '15.482'], ['67263.80', '0.003'], ['67263.90', '0.149'], ['67264.20', '0.316'], ['67264.50', '0.167'], ['67264.60', '1.082'], ['67264.70', '0.025'], ['67264.80', '0.002'], ['67264.90', '0.000'], ['67265.60', '0.559'], 
        ['67266.60', '0.002'], ['67267.00', '0.000'], ['67267.10', '0.003'], ['67267.20', '0.061'], ['67267.30', '0.967'], ['67267.50', '0.092'], ['67267.60', '0.017'], ['67267.90', '0.013'], ['67268.10', '0.050'], ['67268.30', '0.038'], 
        ['67268.40', '0.216'], ['67268.60', '0.000'], ['67268.80', '0.300'], ['67268.90', '0.247'], ['67269.00', '1.500'], ['67269.10', '0.000'], ['67269.20', '0.000'], ['67269.50', '0.000'], ['67269.90', '0.000'], ['67270.10', '0.005'], 
        ['67270.30', '2.500'], ['67270.70', '0.000'], ['67271.00', '0.402'], ['67271.60', '0.193'], ['67272.80', '0.000'], ['67273.00', '0.514'], ['67273.20', '0.320'], ['67273.80', '0.301'], ['67274.00', '2.201'], ['67274.20', '0.466'], 
        ['67275.60', '0.564'], ['67275.90', '0.035'], ['67276.00', '0.393'], ['67276.30', '2.458'], ['67276.40', '0.188'], ['67277.00', '0.411'], ['67277.10', '0.030'], ['67277.20', '0.080'], ['67277.40', '1.370'], ['67277.70', '0.036'], 
        ['67277.90', '0.000'], ['67278.50', '0.895'], ['67278.60', '0.236'], ['67279.00', '0.990'], ['67279.10', '0.892'], ['67279.20', '0.015'], ['67279.50', '1.230'], ['67279.80', '0.017'], ['67280.10', '0.015'], ['67280.40', '0.320'], 
        ['67280.60', '0.000'], ['67280.70', '2.208'], ['67280.80', '0.929'], ['67281.00', '0.701'], ['67281.50', '1.560'], ['67281.90', '0.017'], ['67282.00', '0.004'], ['67282.10', '0.582'], ['67282.70', '0.238'], ['67282.90', '0.049'], 
        ['67283.20', '0.128'], ['67283.40', '0.950'], ['67284.40', '0.516'], ['67284.50', '0.067'], ['67284.60', '0.002'], ['67284.90', '0.000'], ['67285.30', '0.000'], ['67285.40', '0.186'], ['67285.50', '0.189'], ['67285.60', '0.159'], 
        ['67286.00', '4.768'], ['67286.10', '11.722'], ['67286.70', '0.910'], ['67286.80', '1.974'], ['67287.10', '0.060'], ['67287.20', '0.073'], ['67287.50', '0.198'], ['67288.20', '0.025'], ['67289.60', '0.780'], ['67290.70', '0.074'], 
        ['67290.80', '0.000'], ['67291.10', '0.433'], ['67291.70', '0.300'], ['67291.80', '0.000'], ['67292.10', '0.000'], ['67292.30', '2.825'], ['67292.80', '2.266'], ['67293.70', '0.433'], ['67294.00', '0.007'], ['67294.10', '0.000'], 
        ['67294.20', '0.005'], ['67294.50', '1.292'], ['67294.70', '0.022'], ['67295.10', '0.000'], ['67295.50', '1.803'], ['67295.80', '0.000'], ['67297.00', '1.255'], ['67297.10', '0.000'], ['67297.40', '0.445'], ['67297.60', '0.680'], 
        ['67297.70', '2.592'], ['67297.80', '0.000'], ['67298.20', '0.000'], ['67298.40', '0.580'], ['67299.90', '0.002'], ['67300.00', '1.159'], ['67300.60', '1.435'], ['67300.80', '0.009'], ['67301.00', '0.023'], ['67301.40', '0.048'], 
        ['67301.50', '0.000'], ['67301.60', '0.373'], ['67301.80', '0.300'], ['67302.10', '0.050'], ['67304.70', '0.341'], ['67304.80', '0.012'], ['67305.10', '1.806'], ['67305.90', '0.002'], ['67306.10', '1.788'], ['67306.70', '0.749'], 
        ['67307.00', '0.027'], ['67307.70', '0.362'], ['67308.70', '1.160'], ['67308.90', '0.026'], ['67310.70', '0.079'], ['67310.90', '0.334'], ['67313.00', '2.267'], ['67315.70', '0.154'], ['67317.00', '0.014'], ['67317.80', '0.047'], 
        ['67317.90', '0.000'], ['67318.80', '0.048'], ['67319.60', '0.043'], ['67319.90', '0.007'], ['67320.40', '0.023'], ['67322.60', '0.000'], ['67322.70', '0.000'], ['67323.90', '0.026'], ['67324.30', '0.000'], ['67325.70', '0.000'], 
        ['67326.50', '0.002'], ['67329.50', '0.023'], ['67329.70', '0.000'], ['67332.10', '0.101'], ['67333.20', '0.030'], ['67334.70', '0.410'], ['67335.30', '0.000'], ['67335.90', '0.000'], ['67337.60', '0.135'], ['67337.90', '0.024'], 
        ['67340.20', '0.023'], ['67340.50', '0.134'], ['67346.00', '0.002'], ['67347.90', '4.187'], ['67350.80', '0.000'], ['67351.10', '0.075'], ['67352.00', '0.351'], ['67354.40', '0.000'], ['67364.50', '0.671'], ['67365.80', '0.650'], 
        ['67371.10', '0.005'], ['67372.10', '0.000'], ['67373.60', '0.000'], ['67378.40', '0.025'], ['67394.90', '8.651'], ['67410.30', '0.000'], ['67412.30', '0.000'], ['67419.10', '0.000'], ['67419.20', '0.000'], ['67425.10', '0.004'], 
        ['67441.90', '0.009'], ['67442.00', '9.640'], ['67466.30', '0.000'], ['67559.00', '0.000'], ['67599.90', '0.026'], ['67637.90', '0.006'], ['67930.70', '0.000'], ['68141.80', '3.044'], ['68178.20', '0.000'], ['68390.70', '1.160'], 
        ['68462.60', '0.000'], ['68739.30', '0.727'], ['69954.10', '0.069'], ['69982.80', '0.002'], ['69986.40', '0.002'], ['71454.70', '0.400']
    ]
}





{'stream': 'notusdt@depth@100ms', 'data': {'e': 'depthUpdate', 'E': 1718272608104, 'T': 1718272608102, 's': 'NOTUSDT', 'U': 4781147079074, 'u': 4781147083973, 'pu': 4781147078837, 'b': [['0.0177060', '371229'], ['0.0177070', '820351'], ['0.0177130', '1008057'], ['0.0177320', '519187'], ['0.0177420', '196478'], ['0.0177430', '333745'], ['0.0177440', '146746'], ['0.0177450', '63809'], ['0.0177460', '68227'], ['0.0177470', '78635']], 'a': [['0.0177480', '346338'], ['0.0177500', '95063'], ['0.0177520', '90486'], ['0.0177570', '497122'], ['0.0177610', '116740'], ['0.0177620', '136322'], ['0.0177630', '828091'], ['0.0177650', '516926'], ['0.0177670', '151764'], ['0.0177730', '506939'], ['0.0177750', '200316'], ['0.0177790', '776834'], ['0.0177910', '100042'], ['0.0177920', '817679'], ['0.0191330', '2237'], ['43.1818780', '0']]}}
{'stream': 'btcusdt@depth@100ms', 'data': {'e': 'depthUpdate', 'E': 1718272608127, 'T': 1718272608120, 's': 'BTCUSDT', 'U': 4781147079971, 'u': 4781147084912, 'pu': 4781147079905, 'b': [['5000.00', '2.134'], ['33000.00', '5.106'], ['67055.90', '0.091'], ['67222.00', '10.115'], ['67223.50', '0.000'], ['67243.90', '0.444'], ['67244.00', '1.233'], ['67262.30', '2.163'], ['67306.10', '0.000'], ['67324.80', '0.060'], ['67332.30', '0.013'], ['67333.10', '3.797'], ['67340.10', '0.004'], ['67340.20', '0.786'], ['67344.00', '0.012'], ['67346.20', '0.086'], ['67348.10', '0.000'], ['67348.50', '0.043'], ['67351.20', '0.600'], ['67353.90', '0.020'], ['67355.50', '0.025'], ['67357.60', '0.065'], ['67358.60', '0.204'], ['67359.10', '0.115'], ['67360.30', '0.011'], ['67360.70', '0.008'], ['67360.80', '2.271'], ['67361.10', '1.810'], ['67362.70', '0.044'], ['67363.20', '1.135'], ['67363.60', '0.753'], ['67363.70', '0.013'], ['67363.80', '1.335'], ['67366.30', '0.196'], ['67367.60', '3.130'], ['67369.20', '0.413'], ['67369.30', '0.054'], ['67372.60', '1.943'], ['67372.70', '0.000'], ['67373.30', '0.022'], ['67373.40', '0.565'], ['67374.40', '2.280'], ['67374.70', '0.000'], ['67376.50', '0.177'], ['67378.60', '0.020'], ['67378.70', '0.000'], ['67378.90', '0.003'], ['67379.60', '0.046'], ['67380.80', '6.821'], ['67381.80', '0.309'], ['67382.60', '0.020'], ['67384.10', '0.000'], ['67384.40', '0.000'], ['67384.50', '0.005'], ['67385.20', '0.000'], ['67385.30', '0.000'], ['67385.80', '0.098'], ['67389.00', '0.000'], ['67389.80', '0.352'], ['67390.70', '0.049'], ['67391.50', '0.003'], ['67392.50', '0.002'], ['67392.80', '0.133'], ['67392.90', '0.000']], 'a': [['67392.90', '28.715'], ['67393.00', '1.098'], ['67393.10', '0.007'], ['67393.20', '0.002'], ['67394.50', '0.009'], ['67395.40', '0.000'], ['67396.70', '0.000'], ['67397.40', '0.365'], ['67397.50', '0.178'], ['67397.60', '1.500'], ['67397.80', '0.007'], ['67397.90', '0.002'], ['67398.00', '0.022'], ['67399.00', '0.007'], ['67399.30', '0.099'], ['67399.60', '0.840'], ['67399.70', '0.434'], ['67399.80', '0.307'], ['67399.90', '0.020'], ['67400.10', '0.369'], ['67400.20', '0.025'], ['67401.60', '0.008'], ['67401.80', '0.007'], ['67402.70', '2.194'], ['67403.40', '0.755'], ['67403.50', '0.401'], ['67403.60', '0.369'], ['67403.70', '0.004'], ['67403.80', '0.040'], ['67405.10', '0.030'], ['67405.40', '0.074'], ['67405.70', '0.000'], ['67406.00', '0.025'], ['67406.30', '0.722'], ['67406.40', '0.858'], ['67406.50', '0.803'], ['67406.60', '1.662'], ['67407.30', '0.195'], ['67407.90', '0.861'], ['67408.00', '1.024'], ['67408.40', '3.519'], ['67408.60', '0.007'], ['67409.00', '1.141'], ['67409.20', '0.615'], ['67410.00', '0.224'], ['67410.30', '0.569'], ['67411.20', '1.533'], ['67411.70', '0.020'], ['67412.50', '0.364'], ['67413.10', '1.351'], ['67413.20', '5.576'], ['67413.60', '10.913'], ['67415.20', '4.330'], ['67415.80', '0.000'], ['67419.80', '0.006'], ['67420.20', '0.059'], ['67421.70', '0.011'], ['67422.00', '2.273'], ['67422.40', '1.489'], ['67422.50', '0.123'], ['67424.50', '0.245'], ['67426.70', '0.085'], ['67427.40', '0.057'], ['67429.00', '0.132'], ['67430.70', '0.054'], ['67431.40', '0.030'], ['67431.60', '0.708'], ['67432.10', '0.029'], ['67434.20', '0.043'], ['67434.60', '0.004'], ['67434.90', '1.025'], ['67436.40', '0.002'], ['67437.20', '0.255'], ['67438.00', '0.183'], ['67439.20', '0.002'], ['67439.80', '0.008'], ['67440.80', '0.007'], ['67444.00', '0.011'], ['67444.10', '0.066'], ['67455.10', '0.240'], ['67458.40', '28.071'], ['67459.40', '0.021'], ['67459.50', '0.136'], ['67477.20', '0.044'], ['68069.00', '2.964'], ['68070.00', '0.143'], ['68334.90', '0.292']]}}
{'stream': 'notusdt@depth@100ms', 'data': {'e': 'depthUpdate', 'E': 1718272608205, 'T': 1718272608204, 's': 'NOTUSDT', 'U': 4781147084062, 'u': 4781147088124, 'pu': 4781147083973, 'b': [['0.0177110', '399931'], ['0.0177130', '292090'], ['0.0177150', '1365099'], ['0.0177330', '166691'], ['0.0177350', '145995'], ['0.0177380', '767418'], ['0.0177390', '142351'], ['0.0177410', '143228'], ['0.0177420', '141752'], ['0.0177430', '317545'], ['0.0177440', '78912']], 'a': [['0.0177480', '290166'], ['0.0177500', '95220'], ['0.0177580', '162619'], ['0.0177590', '469391'], ['0.0177600', '76282'], ['0.0177610', '136740'], ['0.0177630', '828091'], ['0.0177640', '1748490'], ['0.0177730', '608709'], ['0.0177790', '139281'], ['0.0177800', '2070456'], ['0.0177910', '42886'], ['0.0177930', '1962151'], ['0.0188310', '265856']]}}
{'stream': 'btcusdt@depth@100ms', 'data': {'e': 'depthUpdate', 'E': 1718272608233, 'T': 1718272608227, 's': 'BTCUSDT', 'U': 4781147085349, 'u': 4781147088909, 'pu': 4781147084912, 'b': [['1000.00', '138.305'], ['5000.00', '2.114'], ['33000.00', '5.102'], ['60620.30', '0.000'], ['60648.30', '0.008'], ['67190.70', '0.000'], ['67215.70', '0.015'], ['67222.00', '10.004'], ['67305.00', '0.032'], ['67307.10', '24.665'], ['67327.20', '0.011'], ['67372.20', '0.096'], ['67373.40', '0.562'], ['67384.00', '0.118'], ['67386.20', '0.000'], ['67392.80', '0.135']], 'a': [['67392.90', '28.701'], ['67394.50', '0.007'], ['67403.30', '0.772'], ['67403.40', '0.372'], ['67403.80', '0.038'], ['67405.60', '0.031'], ['67407.90', '0.428'], ['67408.70', '0.344'], ['67412.00', '2.605'], ['67412.10', '0.004'], ['67412.20', '1.681'], ['67412.30', '1.571'], ['67413.30', '1.730'], ['67413.40', '1.544'], ['67413.50', '0.177'], ['67435.20', '0.015'], ['67455.00', '0.234'], ['67457.50', '0.078'], ['67458.40', '0.064'], ['67460.00', '1.113'], ['67460.30', '0.997'], ['67460.40', '0.011'], ['67462.20', '0.009'], ['67462.30', '28.009'], ['67462.50', '0.181'], ['67465.00', '0.057'], ['67467.50', '0.052'], ['67470.00', '0.051'], ['67472.50', '0.015'], ['67473.20', '0.057'], ['67475.00', '0.101'], ['67477.50', '0.005'], ['67480.00', '3.235'], ['67482.50', '0.005'], ['68397.20', '0.715'], ['69414.70', '0.002']]}}
{'stream': 'notusdt@depth@100ms', 'data': {'e': 'depthUpdate', 'E': 1718272608307, 'T': 1718272608305, 's': 'NOTUSDT', 'U': 4781147088203, 'u': 4781147092060, 'pu': 4781147088124, 'b': [['0.0177400', '423214'], ['0.0177420', '137091'], ['0.0177430', '247085']], 'a': [['0.0177500', '95291'], ['0.0177610', '136740'], ['0.0177630', '828091'], ['0.0177850', '145770'], ['0.0177910', '100042'], ['0.0177930', '1904995']]}}
{'stream': 'btcusdt@depth@100ms', 'data': {'e': 'depthUpdate', 'E': 1718272608337, 'T': 1718272608325, 's': 'BTCUSDT', 'U': 4781147089388, 'u': 4781147092854, 'pu': 4781147088909, 'b': [['1000.00', '138.305'], ['5000.00', '2.114'], ['65747.10', '1.216'], ['66973.80', '0.000'], ['66979.70', '1.728'], ['67056.10', '0.030'], ['67141.50', '0.000'], ['67190.60', '0.050'], ['67243.90', '0.000'], ['67244.00', '0.789'], ['67307.10', '0.025'], ['67307.20', '0.014'], ['67333.10', '3.797'], ['67346.60', '0.043'], ['67349.80', '0.057'], ['67372.70', '0.007'], ['67381.80', '0.302'], ['67384.00', '0.562'], ['67384.90', '0.002'], ['67390.70', '0.046'], ['67390.90', '0.053'], ['67391.90', '0.005'], ['67392.80', '0.133']], 'a': [['67392.90', '29.375'], ['67393.00', '0.435'], ['67393.20', '0.009'], ['67397.70', '0.300'], ['67399.80', '0.019'], ['67417.80', '0.004'], ['67418.10', '0.374'], ['67458.30', '0.002'], ['67462.20', '0.007'], ['67462.30', '0.002'], ['67473.20', '0.059'], ['74110.90', '0.006'], ['74125.80', '0.006']]}}
{'stream': 'notusdt@depth@100ms', 'data': {'e': 'depthUpdate', 'E': 1718272608414, 'T': 1718272608406, 's': 'NOTUSDT', 'U': 4781147092417, 'u': 4781147095554, 'pu': 4781147092060, 'b': [['0.0177290', '412366'], ['0.0177320', '911089'], ['0.0177330', '214002'], ['0.0177410', '153099'], ['0.0177420', '138499']], 'a': [['0.0177480', '290191'], ['0.0177500', '95307'], ['0.0177520', '96120'], ['0.0177590', '409391'], ['0.0177600', '136282'], ['0.0177610', '116740'], ['0.0177620', '154914'], ['0.0177630', '828091'], ['0.0177690', '233995'], ['0.0177710', '395958'], ['0.0177760', '560683'], ['0.0177910', '100042'], ['0.0177930', '1904995']]}}
{'stream': 'btcusdt@depth@100ms', 'data': {'e': 'depthUpdate', 'E': 1718272608440, 'T': 1718272608438, 's': 'BTCUSDT', 'U': 4781147093243, 'u': 4781147096921, 'pu': 4781147092854, 'b': [['5000.00', '2.114'], ['33000.00', '5.106'], ['66098.90', '0.148'], ['66143.40', '0.803'], ['66384.50', '0.000'], ['67055.80', '0.010'], ['67055.90', '0.081'], ['67310.10', '24.642'], ['67320.70', '0.023'], ['67363.70', '0.020'], ['67365.20', '0.003'], ['67366.00', '1.814'], ['67366.70', '0.005'], ['67371.40', '0.000'], ['67372.20', '0.093'], ['67372.30', '0.003'], ['67372.70', '0.000'], ['67381.80', '0.309']], 'a': [['67399.70', '0.448'], ['67743.40', '1.668'], ['70088.70', '0.723']]}}
{'stream': 'notusdt@depth@100ms', 'data': {'e': 'depthUpdate', 'E': 1718272608524, 'T': 1718272608507, 's': 'NOTUSDT', 'U': 4781147096147, 'u': 4781147098958, 'pu': 4781147095554, 'b': [['0.0177040', '697763'], ['0.0177160', '229216'], ['0.0177250', '975144'], ['0.0177260', '596734'], ['0.0177420', '199503'], ['0.0177440', '137027'], ['0.0177450', '118683'], ['0.0177470', '78931']], 'a': [['0.0177480', '290209'], ['0.0177500', '95311'], ['0.0177510', '33457'], ['0.0177610', '116740'], ['0.0177630', '828091'], ['0.0177910', '100042'], ['0.0177930', '1904995']]}}
{'stream': 'btcusdt@depth@100ms', 'data': {'e': 'depthUpdate', 'E': 1718272608542, 'T': 1718272608527, 's': 'BTCUSDT', 'U': 4781147097038, 'u': 4781147099464, 'pu': 4781147096921, 'b': [['1000.00', '138.305'], ['5000.00', '2.114'], ['33000.00', '5.102'], ['67190.60', '0.050'], ['67310.10', '24.559'], ['67310.20', '0.076'], ['67333.10', '3.795'], ['67372.70', '0.000'], ['67374.30', '0.050'], ['67375.10', '0.000'], ['67381.80', '0.309'], ['67383.70', '0.018'], ['67384.90', '0.002'], ['67392.80', '0.135']], 'a': [['67392.90', '29.375'], ['67397.70', '0.000'], ['67400.10', '0.669'], ['67458.30', '0.002'], ['68505.80', '1.720'], ['68554.70', '0.000']]}}
{'stream': 'notusdt@depth@100ms', 'data': {'e': 'depthUpdate', 'E': 1718272608629, 'T': 1718272608623, 's': 'NOTUSDT', 'U': 4781147099471, 'u': 4781147102435, 'pu': 4781147098958, 'b': [['0.0088730', '0'], ['0.0176490', '186425'], ['0.0176510', '22750'], ['0.0177070', '887825'], ['0.0177090', '1000970'], ['0.0177130', '241384'], ['0.0177140', '222896'], ['0.0177150', '649132'], ['0.0177210', '519333'], ['0.0177260', '225468'], ['0.0177290', '399935'], ['0.0177300', '299379'], ['0.0177310', '407268'], ['0.0177330', '145577'], ['0.0177340', '217147'], ['0.0177360', '676776'], ['0.0177370', '695242'], ['0.0177380', '739242'], ['0.0177390', '136317'], ['0.0177400', '380937'], ['0.0177410', '306202'], ['0.0177420', '136662'], ['0.0177430', '159816'], ['0.0177440', '99312'], ['0.0177450', '63809'], ['0.0177460', '57878'], ['0.0177470', '0']], 'a': [['0.0177470', '85619'], ['0.0177480', '80526'], ['0.0177490', '76608'], ['0.0177510', '34587'], ['0.0177520', '105948'], ['0.0177540', '202478'], ['0.0177550', '47914'], ['0.0177560', '217782'], ['0.0177570', '491496'], ['0.0177580', '97097'], ['0.0177590', '572261'], ['0.0177610', '145466'], ['0.0177630', '808091'], ['0.0177640', '1747933'], ['0.0177660', '398146'], ['0.0177720', '198083'], ['0.0177790', '776834'], ['0.0177800', '1432903'], ['0.0177850', '119542'], ['0.0177910', '42886'], ['0.0177920', '874838'], ['0.0177930', '1904998'], ['0.0178070', '261413'], ['0.0178080', '436314']]}}
{'stream': 'btcusdt@depth@100ms', 'data': {'e': 'depthUpdate', 'E': 1718272608644, 'T': 1718272608643, 's': 'BTCUSDT', 'U': 4781147099829, 'u': 4781147103490, 'pu': 4781147099464, 'b': [['1000.00', '138.305'], ['5000.00', '2.114'], ['33696.40', '0.000'], ['60615.30', '0.012'], ['60648.30', '0.010'], ['60649.00', '0.604'], ['60653.50', '0.000'], ['66087.00', '0.025'], ['67106.80', '0.330'], ['67309.00', '1.683'], ['67310.10', '0.002'], ['67310.20', '0.074'], ['67312.40', '0.000'], ['67318.60', '0.105'], ['67318.80', '0.000'], ['67319.80', '5.357'], ['67325.50', '0.040'], ['67326.30', '1.254'], ['67329.90', '0.010'], ['67333.10', '3.797'], ['67335.00', '1.110'], ['67338.60', '0.062'], ['67348.90', '0.002'], ['67350.90', '0.002'], ['67372.70', '0.000'], ['67373.70', '0.100'], ['67378.30', '0.027'], ['67379.70', '0.000'], ['67381.80', '0.002'], ['67383.50', '0.005'], ['67383.70', '0.025'], ['67384.10', '0.942'], ['67384.20', '0.002'], ['67389.50', '0.000'], ['67389.80', '0.252'], ['67389.90', '0.417'], ['67390.10', '0.000'], ['67390.30', '0.002'], ['67390.50', '0.000'], ['67390.70', '0.043'], ['67390.90', '0.000'], ['67391.10', '0.250'], ['67391.30', '0.002'], ['67391.50', '0.000'], ['67391.70', '0.000'], ['67391.90', '0.002'], ['67392.10', '0.131'], ['67392.30', '0.000'], ['67392.70', '0.000'], ['67392.80', '0.137']], 'a': [['67392.90', '29.821'], ['67393.00', '0.287'], ['67394.50', '0.007'], ['67394.70', '0.043'], ['67396.60', '0.065'], ['67397.90', '0.000'], ['67398.60', '0.004'], ['67400.10', '0.369'], ['67405.30', '0.333'], ['67406.00', '0.025'], ['67406.10', '0.159'], ['67408.30', '0.681'], ['67411.90', '0.329'], ['67412.90', '0.267'], ['67426.70', '0.160'], ['67433.60', '0.034'], ['67437.50', '0.252'], ['67438.40', '1.797'], ['67452.50', '0.249'], ['67458.80', '0.002'], ['67458.90', '0.000'], ['67541.70', '0.000'], ['68128.40', '0.839'], ['68398.00', '3.215'], ['69443.10', '0.722']]}}
{'stream': 'notusdt@depth@100ms', 'data': {'e': 'depthUpdate', 'E': 1718272608731, 'T': 1718272608730, 's': 'NOTUSDT', 'U': 4781147102819, 'u': 4781147106839, 'pu': 4781147102435, 'b': [['0.0177120', '989911'], ['0.0177130', '274457'], ['0.0177160', '196143'], ['0.0177300', '310661'], ['0.0177320', '899808'], ['0.0177400', '366844'], ['0.0177410', '320295'], ['0.0177420', '128147'], ['0.0177430', '186881'], ['0.0177440', '117815'], ['0.0177450', '94122']], 'a': [['0.0177470', '73622'], ['0.0177480', '80651'], ['0.0177500', '85311'], ['0.0177540', '196844'], ['0.0177580', '157097'], ['0.0177590', '522255'], ['0.0177600', '96282'], ['0.0177620', '134914'], ['0.0177740', '158155'], ['0.0177790', '139281'], ['0.0177800', '2070456'], ['0.0177810', '421585'], ['0.0177920', '874838'], ['0.0177930', '1904998']]}}
{'stream': 'btcusdt@depth@100ms', 'data': {'e': 'depthUpdate', 'E': 1718272608749, 'T': 1718272608747, 's': 'BTCUSDT', 'U': 4781147103616, 'u': 4781147107376, 'pu': 4781147103490, 'b': [['5000.00', '2.114'], ['66382.20', '0.783'], ['66388.60', '0.737'], ['67055.80', '0.010'], ['67190.60', '0.050'], ['67190.80', '0.032'], ['67190.90', '1.600'], ['67191.00', '0.864'], ['67191.20', '0.000'], ['67191.30', '3.000'], ['67258.30', '0.051'], ['67258.40', '2.603'], ['67258.60', '0.000'], ['67258.70', '4.733'], ['67317.50', '0.161'], ['67318.60', '0.003'], ['67320.40', '0.104'], ['67325.50', '0.029'], ['67335.00', '0.269'], ['67338.80', '0.841'], ['67342.70', '0.457'], ['67346.40', '0.085'], ['67358.80', '0.079'], ['67366.90', '0.030'], ['67371.40', '0.007'], ['67373.30', '0.024'], ['67374.30', '0.048'], ['67380.90', '0.315'], ['67383.70', '0.018'], ['67384.90', '0.000'], ['67385.10', '0.002'], ['67388.90', '0.603'], ['67389.50', '0.003']], 'a': [['67400.10', '0.371'], ['67406.10', '0.012'], ['67408.30', '0.460'], ['67410.20', '0.007'], ['67411.90', '0.072'], ['67412.50', '0.362'], ['67412.90', '0.010'], ['67433.60', '0.023'], ['67458.90', '28.448'], ['67459.50', '0.136'], ['67549.80', '0.603'], ['67573.90', '0.030'], ['67724.60', '0.600'], ['67773.70', '0.000'], ['68477.70', '0.000'], ['68638.00', '0.764'], ['71506.20', '0.002'], ['71744.90', '0.004'], ['71854.10', '0.000'], ['72013.60', '0.000']]}}
{'stream': 'notusdt@depth@100ms', 'data': {'e': 'depthUpdate', 'E': 1718272608833, 'T': 1718272608827, 's': 'NOTUSDT', 'U': 4781147106927, 'u': 4781147110753, 'pu': 4781147106839, 'b': [['0.0177120', '258768'], ['0.0177130', '274457'], ['0.0177150', '1380275'], ['0.0177280', '380718'], ['0.0177310', '413604'], ['0.0177320', '894169'], ['0.0177400', '378122'], ['0.0177430', '241265']], 'a': [['0.0177470', '113237'], ['0.0177480', '80782'], ['0.0177510', '54587'], ['0.0177520', '90486'], ['0.0177530', '109130'], ['0.0177540', '296844'], ['0.0177560', '117782'], ['0.0177580', '97097'], ['0.0177590', '582255'], ['0.0177600', '76282'], ['0.0177610', '165466'], ['0.0177650', '510591'], ['0.0177730', '580526'], ['0.0177750', '184857'], ['0.0177760', '560683'], ['0.0177800', '1432903'], ['0.0177920', '874838'], ['0.0182790', '64081']]}}
{'stream': 'btcusdt@depth@100ms', 'data': {'e': 'depthUpdate', 'E': 1718272608852, 'T': 1718272608852, 's': 'BTCUSDT', 'U': 4781147107446, 'u': 4781147111695, 'pu': 4781147107376, 'b': [['1000.00', '138.305'], ['5000.00', '2.114'], ['33000.00', '5.106'], ['64026.60', '1.084'], ['65272.00', '0.786'], ['66382.20', '0.046'], ['66563.90', '0.362'], ['66658.30', '0.306'], ['66659.10', '2.614'], ['66753.50', '1.248'], ['67092.80', '0.002'], ['67262.30', '2.183'], ['67305.90', '4.515'], ['67325.50', '0.029'], ['67326.30', '0.081'], ['67331.20', '1.203'], ['67344.00', '0.002'], ['67363.60', '0.263'], ['67363.80', '1.115'], ['67383.70', '0.015'], ['67389.30', '0.003'], ['67389.70', '0.003'], ['67389.90', '0.420'], ['67392.80', '0.112']], 'a': [['67392.90', '29.524'], ['67395.90', '0.003'], ['67396.60', '0.199'], ['67396.90', '0.007'], ['67397.70', '0.000'], ['67397.80', '0.085'], ['67398.10', '0.300'], ['67398.90', '0.159'], ['67399.30', '0.099'], ['67399.70', '0.559'], ['67399.80', '0.012'], ['67400.20', '0.025'], ['67400.80', '0.028'], ['67400.90', '0.010'], ['67401.80', '0.000'], ['67402.70', '2.384'], ['67402.90', '0.014'], ['67403.80', '0.031'], ['67405.00', '0.118'], ['67405.90', '0.817'], ['67408.30', '0.445'], ['67418.10', '0.300'], ['67419.80', '0.226'], ['67420.20', '0.569'], ['67424.50', '0.925'], ['67426.70', '0.085'], ['67433.60', '0.023'], ['67437.20', '0.855'], ['67438.00', '1.073'], ['67458.70', '0.000'], ['67458.90', '0.000'], ['67692.90', '0.002'], ['68397.20', '1.430'], ['68505.00', '0.860'], ['73342.10', '0.004'], ['73363.10', '0.000'], ['73374.40', '0.007'], ['73395.30', '0.017'], ['73406.80', '0.016'], ['74111.10', '0.012'], ['74125.70', '0.002']]}}
{'stream': 'notusdt@depth@100ms', 'data': {'e': 'depthUpdate', 'E': 1718272608938, 'T': 1718272608934, 's': 'NOTUSDT', 'U': 4781147110983, 'u': 4781147115297, 'pu': 4781147110753, 'b': [['0.0177330', '192891'], ['0.0177350', '155995'], ['0.0177360', '676776'], ['0.0177370', '361576']], 'a': [['0.0177480', '80960'], ['0.0177580', '209660'], ['0.0177590', '557258'], ['0.0177750', '200319'], ['0.0177790', '789731'], ['0.0177920', '874838']]}}
{'stream': 'btcusdt@depth@100ms', 'data': {'e': 'depthUpdate', 'E': 1718272608953, 'T': 1718272608951, 's': 'BTCUSDT', 'U': 4781147111730, 'u': 4781147115799, 'pu': 4781147111695, 'b': [['1000.00', '138.305'], ['5000.00', '2.114'], ['33000.00', '5.102'], ['66752.60', '0.315'], ['67092.80', '0.000'], ['67262.30', '2.163'], ['67279.20', '0.006'], ['67307.10', '0.025'], ['67308.50', '0.023'], ['67328.90', '1.173'], ['67331.20', '0.030'], ['67337.70', '0.898'], ['67338.80', '0.000'], ['67360.50', '0.023'], ['67361.20', '0.067'], ['67362.50', '0.029'], ['67372.30', '0.000'], ['67372.40', '0.321'], ['67373.70', '0.025'], ['67380.30', '0.194'], ['67383.40', '1.113'], ['67392.80', '0.112']], 'a': [['67392.90', '29.301'], ['67393.50', '0.193'], ['67394.50', '0.005'], ['67396.10', '0.002'], ['67396.90', '0.000'], ['67397.30', '0.007'], ['67398.90', '0.152'], ['67399.20', '0.007'], ['67400.90', '0.003'], ['67401.20', '0.007'], ['67402.90', '0.007'], ['67403.30', '0.779'], ['67417.10', '0.200'], ['67417.90', '0.003'], ['67420.20', '0.549'], ['67429.70', '1.025'], ['67434.90', '0.000'], ['67692.90', '0.000'], ['68035.30', '0.003'], ['72013.60', '0.450']]}}
{'stream': 'btcusdt@depth@100ms', 'data': {'e': 'depthUpdate', 'E': 1718272609055, 'T': 1718272609053, 's': 'BTCUSDT', 'U': 4781147115873, 'u': 4781147118973, 'pu': 4781147115799, 'b': [['5000.00', '2.114'], ['33000.00', '5.102'], ['33696.40', '0.005'], ['66047.50', '0.050'], ['66280.80', '6.920'], ['66388.60', '1.474'], ['66658.20', '1.078'], ['67055.80', '0.010'], ['67190.60', '0.035'], ['67306.00', '0.027'], ['67319.90', '0.075'], ['67325.50', '0.040'], ['67332.30', '0.007'], ['67360.80', '2.626'], ['67367.60', '3.485'], ['67371.40', '0.010'], ['67372.40', '0.318'], ['67374.40', '2.635'], ['67381.80', '0.595'], ['67382.10', '0.593'], ['67385.10', '0.000']], 'a': [['67399.70', '0.345'], ['67408.40', '3.874'], ['67411.10', '0.238'], ['67412.20', '3.200'], ['67412.30', '0.052'], ['67413.30', '1.738'], ['67415.20', '4.685'], ['67416.90', '0.000'], ['67422.00', '2.628'], ['67430.90', '0.036'], ['67432.10', '0.023'], ['67433.60', '0.034'], ['67457.20', '0.000'], ['68181.50', '0.306'], ['68444.00', '0.051'], ['68538.70', '0.174'], ['69994.30', '0.000']]}}
{'stream': 'notusdt@depth@100ms', 'data': {'e': 'depthUpdate', 'E': 1718272609060, 'T': 1718272609059, 's': 'NOTUSDT', 'U': 4781147116076, 'u': 4781147119295, 'pu': 4781147115297, 'b': [['0.0176490', '242790'], ['0.0177050', '541386'], ['0.0177070', '794218'], ['0.0177090', '1099589'], ['0.0177100', '921010'], ['0.0177110', '346404'], ['0.0177120', '259325'], ['0.0177140', '196441'], ['0.0177160', '337990'], ['0.0177180', '378468'], ['0.0177220', '404863'], ['0.0177240', '732458'], ['0.0177260', '186511'], ['0.0177300', '281623'], ['0.0177340', '237147'], ['0.0177350', '724674'], ['0.0177360', '662557'], ['0.0177370', '362776'], ['0.0177380', '711066'], ['0.0177390', '150411'], ['0.0177400', '376922'], ['0.0177410', '258891'], ['0.0177420', '94320'], ['0.0177430', '96968'], ['0.0177440', '38213'], ['0.0177450', '0'], ['0.0177460', '0']], 'a': [['0.0177450', '98477'], ['0.0177460', '73699'], ['0.0177470', '67576'], ['0.0177480', '79839'], ['0.0177490', '75168'], ['0.0177500', '85311'], ['0.0177510', '54174'], ['0.0177520', '146818'], ['0.0177530', '165795'], ['0.0177540', '254602'], ['0.0177560', '103700'], ['0.0177570', '612869'], ['0.0177580', '97097'], ['0.0177620', '155103'], ['0.0177630', '795909'], ['0.0177640', '1762008'], ['0.0177660', '396475'], ['0.0177700', '126221'], ['0.0177730', '479313'], ['0.0177750', '170791'], ['0.0177760', '560683'], ['0.0177790', '138724'], ['0.0177800', '2083353'], ['0.0177920', '874838'], ['0.0178810', '84912'], ['0.0178960', '17749'], ['42.9011140', '0']]}}
{'stream': 'btcusdt@depth@1







{
    'stream': 'btcusdt@depth@100ms', 
    'data': {
        'e': 'depthUpdate', 
        'E': 1718347410782, 
        's': 'BTCUSDT', 
        'U': 47875792873, 
        'u': 47875792884, 
        'b': [
            ['66752.57000000', '0.00000000'], ['66742.62000000', '0.00014000'], ['60255.00000000', '0.52868000'], ['33000.00000000', '10.60014000']], 
        'a': [
            ['66950.01000000', '3.38156000'], ['67007.20000000', '0.00000000'], ['67007.58000000', '0.00000000'], ['67014.37000000', '0.03232000']]}}



Иванков Максим, 29 лет. г. Кореновск. Женат, 2 детей.
Образование - ЮРГПУ(НПИ), электроэнергетические системы и сети (энергетик)
Предприниматель, работал в энергосетях несколько месяцев во время учебы в университете, после занимался своими проектами.
Проекты, которыми занимался:
1) Производситво ЧПУ станков (г.Кореновск) Проектировал станки под нужды заказчика в КАД, отливал алюминиевые плиты и фрезеровал основные части,
варил и красил раму, собирал и настраивал электронику станка.
2) Производство на ЧПУ станках (г.Кореновск, Краснодар, Каменск-Шахтинский). В разное время (с 2017 по наст.время) проиводил:
Детский конструктор из пластика, сувенирку из дерева, мебельное производство, фасады для мебели.
3) Программист. Последние 3 года делал различные проекты в сфере IT, автоматизация, СРМ/EPS системы. Знаю и умею: WEB, HTML, CSS, JS, PHP, Python, SQL
4) Детские школы робототехники - с 2017 по 2023 развивал по россии кружки робототехники и программирования (Краснодар, Кореновск, Динская, Ростов, НОвочеркасск, Москва, Каменск)
Кружки были мои, сам составлял учебные программы, курсы.  В процессе изучил электронику, пайку. Сделал множество проектов. Проекты - система автоматизации теплицы,
bldc двигатели для коптеров, собирал сервера, детекторы проводки, сигнализация, роботы на блютузе, радио и др. Работа на 3д принтере - проектировал и собирал bldc, намоточные станки, теплицы.
5) КАД - умею Fusion. Проектировал множество всего - от станков до производственных помещений.
6) Энергетика - проектировал и монтировал электро систему производства в 300 кв.м.

Номер для связи - 89189488389







